symbol,date,time,price,volume
AAPL,3/5/2015,20:47:42,126.41,56517144
AAPL,3/5/2015,20:47:13,126.41,56517144
AAPL,3/5/2015,20:46:42,126.41,56517144
AAPL,3/5/2015,20:46:12,126.41,56517144
AAPL,3/5/2015,20:45:42,126.41,56517144
AAPL,3/5/2015,20:45:12,126.41,56517144
AAPL,3/5/2015,20:44:42,126.41,56517144
AAPL,3/5/2015,20:44:12,126.41,56517144
AAPL,3/5/2015,20:43:42,126.41,56517144
AAPL,3/5/2015,20:43:12,126.41,56517144
AAPL,3/5/2015,20:42:43,126.41,56517144
AAPL,3/5/2015,20:42:12,126.41,56517144
AAPL,3/5/2015,20:41:43,126.41,56517144
AAPL,3/5/2015,20:41:12,126.41,56517144
AAPL,3/5/2015,20:40:42,126.41,56517144
AAPL,3/5/2015,20:40:12,126.41,56517144
AAPL,3/5/2015,20:39:42,126.41,56517144
AAPL,3/5/2015,20:39:12,126.41,56517144
AAPL,3/5/2015,20:38:42,126.41,56517144
AAPL,3/5/2015,20:38:12,126.41,56517144
AAPL,3/5/2015,20:37:42,126.41,56517144
AAPL,3/5/2015,20:37:12,126.41,56517144
AAPL,3/5/2015,20:36:42,126.41,56517144
AAPL,3/5/2015,20:36:12,126.41,56517144
AAPL,3/5/2015,20:35:42,126.41,56517144
AAPL,3/5/2015,20:35:12,126.41,56517144
AAPL,3/5/2015,20:34:42,126.41,56517144
AAPL,3/5/2015,20:34:15,126.41,56517144
AAPL,3/5/2015,20:33:42,126.41,56517144
AAPL,3/5/2015,20:33:12,126.41,56517144
AAPL,3/5/2015,20:32:42,126.41,56517144
AAPL,3/5/2015,20:32:12,126.41,56517144
AAPL,3/5/2015,20:31:43,126.41,56517144
AAPL,3/5/2015,20:31:12,126.41,56517144
AAPL,3/5/2015,20:30:42,126.41,56517144
AAPL,3/5/2015,20:30:12,126.41,56517144
AAPL,3/5/2015,20:29:42,126.41,56517144
AAPL,3/5/2015,20:29:12,126.41,56517144
AAPL,3/5/2015,20:28:42,126.41,56517144
AAPL,3/5/2015,20:28:12,126.41,56517144
AAPL,3/5/2015,20:27:42,126.41,56517144
AAPL,3/5/2015,20:27:12,126.41,56517144
AAPL,3/5/2015,20:26:42,126.41,56517144
AAPL,3/5/2015,20:26:12,126.41,56517144
AAPL,3/5/2015,20:25:42,126.41,56517144
AAPL,3/5/2015,20:25:12,126.41,56517144
AAPL,3/5/2015,20:24:42,126.41,56517144
AAPL,3/5/2015,20:24:12,126.41,56517144
AAPL,3/5/2015,20:23:42,126.41,56517144
AAPL,3/5/2015,20:23:12,126.41,56517144
AAPL,3/5/2015,20:22:42,126.41,56517144
AAPL,3/5/2015,20:22:12,126.41,56517144
AAPL,3/5/2015,20:21:42,126.41,56517144
AAPL,3/5/2015,20:21:12,126.41,56517144
AAPL,3/5/2015,20:20:42,126.41,56517144
AAPL,3/5/2015,20:20:12,126.41,56517144
AAPL,3/5/2015,20:19:42,126.41,56517144
AAPL,3/5/2015,20:19:12,126.41,56517144
AAPL,3/5/2015,20:18:42,126.41,56517144
AAPL,3/5/2015,20:18:12,126.41,56517144
AAPL,3/5/2015,20:17:43,126.41,56517144
AAPL,3/5/2015,20:17:12,126.41,56517144
AAPL,3/5/2015,20:16:42,126.41,56517144
AAPL,3/5/2015,20:16:12,126.41,56517144
AAPL,3/5/2015,20:15:42,126.41,56517144
AAPL,3/5/2015,20:15:12,126.41,56517144
AAPL,3/5/2015,20:14:42,126.41,56516788
AAPL,3/5/2015,20:14:12,126.41,56514868
AAPL,3/5/2015,20:13:42,126.41,56514860
AAPL,3/5/2015,20:13:12,126.41,56514460
AAPL,3/5/2015,20:12:42,126.41,56513252
AAPL,3/5/2015,20:12:12,126.41,56513252
AAPL,3/5/2015,20:11:42,126.41,56513252
AAPL,3/5/2015,20:11:12,126.41,56512480
AAPL,3/5/2015,20:10:42,126.41,56504944
AAPL,3/5/2015,20:10:12,126.41,56504440
AAPL,3/5/2015,20:09:42,126.41,56504380
AAPL,3/5/2015,20:09:12,126.41,56500292
AAPL,3/5/2015,20:08:42,126.41,56500292
AAPL,3/5/2015,20:08:12,126.41,56500292
AAPL,3/5/2015,20:07:42,126.41,56500172
AAPL,3/5/2015,20:07:12,126.41,56498572
AAPL,3/5/2015,20:06:42,126.41,56494392
AAPL,3/5/2015,20:06:12,126.41,56494392
AAPL,3/5/2015,20:05:42,126.41,56494192
AAPL,3/5/2015,20:05:12,126.41,56494136
AAPL,3/5/2015,20:04:42,126.41,56493080
AAPL,3/5/2015,20:04:13,126.41,56492180
AAPL,3/5/2015,20:03:42,126.41,56491672
AAPL,3/5/2015,20:03:13,126.41,56490488
AAPL,3/5/2015,20:02:42,126.41,56490488
AAPL,3/5/2015,20:02:15,126.41,56490488
AAPL,3/5/2015,20:01:42,126.41,56489236
AAPL,3/5/2015,20:01:13,126.41,56489136
AAPL,3/5/2015,20:00:43,126.41,56488232
AAPL,3/5/2015,20:00:16,126.41,56487432
AAPL,3/5/2015,19:59:42,126.41,56486656
AAPL,3/5/2015,19:59:12,126.41,56486656
AAPL,3/5/2015,19:58:42,126.41,56486632
AAPL,3/5/2015,19:58:12,126.41,56486556
AAPL,3/5/2015,19:57:42,126.41,56486456
AAPL,3/5/2015,19:57:13,126.41,56486432
AAPL,3/5/2015,19:56:42,126.41,56486432
AAPL,3/5/2015,19:56:12,126.41,56486420
AAPL,3/5/2015,19:55:42,126.41,56486220
AAPL,3/5/2015,19:55:12,126.41,56486120
AAPL,3/5/2015,19:54:42,126.41,56486088
AAPL,3/5/2015,19:54:12,126.41,56486040
AAPL,3/5/2015,19:53:43,126.41,56485252
AAPL,3/5/2015,19:53:12,126.41,56484252
AAPL,3/5/2015,19:52:42,126.41,56483892
AAPL,3/5/2015,19:52:12,126.41,56483892
AAPL,3/5/2015,19:51:42,126.41,56483892
AAPL,3/5/2015,19:51:12,126.41,56483892
AAPL,3/5/2015,19:50:42,126.41,56483892
AAPL,3/5/2015,19:50:12,126.41,56483744
AAPL,3/5/2015,19:49:42,126.41,56483700
AAPL,3/5/2015,19:49:12,126.41,56483700
AAPL,3/5/2015,19:48:42,126.41,56483700
AAPL,3/5/2015,19:48:12,126.41,56483700
AAPL,3/5/2015,19:47:42,126.41,56483700
AAPL,3/5/2015,19:47:12,126.41,56483700
AAPL,3/5/2015,19:46:43,126.41,56482200
AAPL,3/5/2015,19:46:12,126.41,56482200
AAPL,3/5/2015,19:45:42,126.41,56481448
AAPL,3/5/2015,19:45:12,126.41,56481448
AAPL,3/5/2015,19:44:43,126.41,56481448
AAPL,3/5/2015,19:44:12,126.41,56481200
AAPL,3/5/2015,19:43:43,126.41,56481200
AAPL,3/5/2015,19:43:12,126.41,56481200
AAPL,3/5/2015,19:42:42,126.41,56481200
AAPL,3/5/2015,19:42:13,126.41,56481200
AAPL,3/5/2015,19:41:42,126.41,56481200
AAPL,3/5/2015,19:41:12,126.41,56481200
AAPL,3/5/2015,19:40:42,126.41,56481096
AAPL,3/5/2015,19:40:12,126.41,56478760
AAPL,3/5/2015,19:39:42,126.41,56478760
AAPL,3/5/2015,19:39:12,126.41,56478760
AAPL,3/5/2015,19:38:42,126.41,56478760
AAPL,3/5/2015,19:38:12,126.41,56478660
AAPL,3/5/2015,19:37:42,126.41,56477960
AAPL,3/5/2015,19:37:12,126.41,56477860
AAPL,3/5/2015,19:36:42,126.41,56477860
AAPL,3/5/2015,19:36:12,126.41,56477860
AAPL,3/5/2015,19:35:42,126.41,56477460
AAPL,3/5/2015,19:35:12,126.41,56477360
AAPL,3/5/2015,19:34:42,126.41,56477316
AAPL,3/5/2015,19:34:12,126.41,56476316
AAPL,3/5/2015,19:33:42,126.41,56474304
AAPL,3/5/2015,19:33:12,126.41,56473808
AAPL,3/5/2015,19:32:42,126.41,56473608
AAPL,3/5/2015,19:32:12,126.41,56473608
AAPL,3/5/2015,19:31:42,126.41,56473608
AAPL,3/5/2015,19:31:12,126.41,56473264
AAPL,3/5/2015,19:30:42,126.41,56470932
AAPL,3/5/2015,19:30:12,126.41,56470184
AAPL,3/5/2015,19:29:42,126.41,56470184
AAPL,3/5/2015,19:29:13,126.41,56470184
AAPL,3/5/2015,19:28:42,126.41,56469184
AAPL,3/5/2015,19:28:12,126.41,56469184
AAPL,3/5/2015,19:27:42,126.41,56468832
AAPL,3/5/2015,19:27:12,126.41,56468832
AAPL,3/5/2015,19:26:42,126.41,56468832
AAPL,3/5/2015,19:26:12,126.41,56467332
AAPL,3/5/2015,19:25:42,126.41,56467332
AAPL,3/5/2015,19:25:13,126.41,56467332
AAPL,3/5/2015,19:24:42,126.41,56462576
AAPL,3/5/2015,19:24:12,126.41,56462576
AAPL,3/5/2015,19:23:42,126.41,56461656
AAPL,3/5/2015,19:23:12,126.41,56461656
AAPL,3/5/2015,19:22:42,126.41,56461604
AAPL,3/5/2015,19:22:12,126.41,56461604
AAPL,3/5/2015,19:21:42,126.41,56461204
AAPL,3/5/2015,19:21:12,126.41,56461204
AAPL,3/5/2015,19:20:42,126.41,56461200
AAPL,3/5/2015,19:20:12,126.41,56460256
AAPL,3/5/2015,19:19:42,126.41,56460208
AAPL,3/5/2015,19:19:12,126.41,56460208
AAPL,3/5/2015,19:18:42,126.41,56460208
AAPL,3/5/2015,19:18:12,126.41,56460176
AAPL,3/5/2015,19:17:42,126.41,56460080
AAPL,3/5/2015,19:17:12,126.41,56459736
AAPL,3/5/2015,19:16:42,126.41,56459736
AAPL,3/5/2015,19:16:12,126.41,56459736
AAPL,3/5/2015,19:15:42,126.41,56459712
AAPL,3/5/2015,19:15:12,126.41,56459712
AAPL,3/5/2015,19:14:42,126.41,56459712
AAPL,3/5/2015,19:14:12,126.41,56459304
AAPL,3/5/2015,19:13:42,126.41,56458712
AAPL,3/5/2015,19:13:12,126.41,56458712
AAPL,3/5/2015,19:12:42,126.41,56458464
AAPL,3/5/2015,19:12:12,126.41,56458464
AAPL,3/5/2015,19:11:42,126.41,56458312
AAPL,3/5/2015,19:11:12,126.41,56458260
AAPL,3/5/2015,19:10:42,126.41,56458220
AAPL,3/5/2015,19:10:12,126.41,56458120
AAPL,3/5/2015,19:09:43,126.41,56458120
AAPL,3/5/2015,19:09:12,126.41,56458052
AAPL,3/5/2015,19:08:43,126.41,56458052
AAPL,3/5/2015,19:08:12,126.41,56457960
AAPL,3/5/2015,19:07:42,126.41,56457960
AAPL,3/5/2015,19:07:12,126.41,56457904
AAPL,3/5/2015,19:06:42,126.41,56457804
AAPL,3/5/2015,19:06:12,126.41,56457804
AAPL,3/5/2015,19:05:42,126.41,56457304
AAPL,3/5/2015,19:05:12,126.41,56457304
AAPL,3/5/2015,19:04:42,126.41,56457304
AAPL,3/5/2015,19:04:12,126.41,56457304
AAPL,3/5/2015,19:03:42,126.41,56457304
AAPL,3/5/2015,19:03:12,126.41,56457300
AAPL,3/5/2015,19:02:42,126.41,56457300
AAPL,3/5/2015,19:02:12,126.41,56457300
AAPL,3/5/2015,19:01:42,126.41,56457280
AAPL,3/5/2015,19:01:12,126.41,56457268
AAPL,3/5/2015,19:00:42,126.41,56457268
AAPL,3/5/2015,19:00:12,126.41,56457268
AAPL,3/5/2015,18:59:42,126.41,56457268
AAPL,3/5/2015,18:59:12,126.41,56457068
AAPL,3/5/2015,18:58:42,126.41,56457068
AAPL,3/5/2015,18:58:12,126.41,56457068
AAPL,3/5/2015,18:57:42,126.41,56457020
AAPL,3/5/2015,18:57:12,126.41,56457020
AAPL,3/5/2015,18:56:42,126.41,56457020
AAPL,3/5/2015,18:56:12,126.41,56456968
AAPL,3/5/2015,18:55:42,126.41,56456968
AAPL,3/5/2015,18:55:12,126.41,56456648
AAPL,3/5/2015,18:54:42,126.41,56456648
AAPL,3/5/2015,18:54:12,126.41,56456648
AAPL,3/5/2015,18:53:42,126.41,56454148
AAPL,3/5/2015,18:53:12,126.41,56453648
AAPL,3/5/2015,18:52:42,126.41,56453600
AAPL,3/5/2015,18:52:12,126.41,56453576
AAPL,3/5/2015,18:51:42,126.41,56453576
AAPL,3/5/2015,18:51:12,126.41,56453576
AAPL,3/5/2015,18:50:42,126.41,56453376
AAPL,3/5/2015,18:50:12,126.41,56452376
AAPL,3/5/2015,18:49:42,126.41,56452376
AAPL,3/5/2015,18:49:12,126.41,56452376
AAPL,3/5/2015,18:48:42,126.41,56452376
AAPL,3/5/2015,18:48:12,126.41,56452376
AAPL,3/5/2015,18:47:42,126.41,56452376
AAPL,3/5/2015,18:47:12,126.41,56452376
AAPL,3/5/2015,18:46:42,126.41,56452376
AAPL,3/5/2015,18:46:12,126.41,56447480
AAPL,3/5/2015,18:45:42,126.41,56447480
AAPL,3/5/2015,18:45:12,126.41,56447384
AAPL,3/5/2015,18:44:42,126.41,56447384
AAPL,3/5/2015,18:44:12,126.41,56447384
AAPL,3/5/2015,18:43:42,126.41,56446480
AAPL,3/5/2015,18:43:12,126.41,56446480
AAPL,3/5/2015,18:42:42,126.41,56446280
AAPL,3/5/2015,18:42:12,126.41,56446280
AAPL,3/5/2015,18:41:42,126.41,56445960
AAPL,3/5/2015,18:41:12,126.41,56445960
AAPL,3/5/2015,18:40:43,126.41,56443960
AAPL,3/5/2015,18:40:12,126.41,56443960
AAPL,3/5/2015,18:39:42,126.41,56443912
AAPL,3/5/2015,18:39:12,126.41,56443912
AAPL,3/5/2015,18:38:42,126.41,56443872
AAPL,3/5/2015,18:38:14,126.41,56443832
AAPL,3/5/2015,18:37:42,126.41,56443112
AAPL,3/5/2015,18:37:12,126.41,56443112
AAPL,3/5/2015,18:36:42,126.41,56442600
AAPL,3/5/2015,18:36:12,126.41,56442600
AAPL,3/5/2015,18:35:42,126.41,56442424
AAPL,3/5/2015,18:35:12,126.41,56442424
AAPL,3/5/2015,18:34:42,126.41,56442424
AAPL,3/5/2015,18:34:13,126.41,56442424
AAPL,3/5/2015,18:33:43,126.41,56442024
AAPL,3/5/2015,18:33:12,126.41,56442024
AAPL,3/5/2015,18:32:42,126.41,56442024
AAPL,3/5/2015,18:32:12,126.41,56442000
AAPL,3/5/2015,18:31:42,126.41,56438828
AAPL,3/5/2015,18:31:15,126.41,56438828
AAPL,3/5/2015,18:30:42,126.41,56437808
AAPL,3/5/2015,18:30:12,126.41,56437808
AAPL,3/5/2015,18:29:42,126.41,56436808
AAPL,3/5/2015,18:29:12,126.41,56436808
AAPL,3/5/2015,18:28:43,126.41,56436708
AAPL,3/5/2015,18:28:12,126.41,56436708
AAPL,3/5/2015,18:27:42,126.41,56436708
AAPL,3/5/2015,18:27:12,126.41,56436708
AAPL,3/5/2015,18:26:42,126.41,56436708
AAPL,3/5/2015,18:26:12,126.41,56436708
AAPL,3/5/2015,18:25:42,126.41,56436708
AAPL,3/5/2015,18:25:12,126.41,56436708
AAPL,3/5/2015,18:24:43,126.41,56436408
AAPL,3/5/2015,18:24:12,126.41,56436408
AAPL,3/5/2015,18:23:46,126.41,56435452
AAPL,3/5/2015,18:23:12,126.41,56435384
AAPL,3/5/2015,18:22:42,126.41,56435384
AAPL,3/5/2015,18:22:12,126.41,56435384
AAPL,3/5/2015,18:21:42,126.41,56435384
AAPL,3/5/2015,18:21:12,126.41,56435384
AAPL,3/5/2015,18:20:42,126.41,56435384
AAPL,3/5/2015,18:20:12,126.41,56435384
AAPL,3/5/2015,18:19:42,126.41,56435384
AAPL,3/5/2015,18:19:12,126.41,56434384
AAPL,3/5/2015,18:18:42,126.41,56434384
AAPL,3/5/2015,18:18:12,126.41,56434384
AAPL,3/5/2015,18:17:42,126.41,56434384
AAPL,3/5/2015,18:17:12,126.41,56434032
AAPL,3/5/2015,18:16:42,126.41,56433032
AAPL,3/5/2015,18:16:12,126.41,56432484
AAPL,3/5/2015,18:15:42,126.41,56427032
AAPL,3/5/2015,18:15:12,126.41,56426232
AAPL,3/5/2015,18:14:42,126.41,56426232
AAPL,3/5/2015,18:14:12,126.41,56426232
AAPL,3/5/2015,18:13:42,126.41,56426232
AAPL,3/5/2015,18:13:12,126.41,56426232
AAPL,3/5/2015,18:12:42,126.41,56425988
AAPL,3/5/2015,18:12:12,126.41,56425888
AAPL,3/5/2015,18:11:42,126.41,56425888
AAPL,3/5/2015,18:11:12,126.41,56425600
AAPL,3/5/2015,18:10:42,126.41,56425500
AAPL,3/5/2015,18:10:12,126.41,56425500
AAPL,3/5/2015,18:09:42,126.41,56425500
AAPL,3/5/2015,18:09:12,126.41,56425480
AAPL,3/5/2015,18:08:43,126.41,56425332
AAPL,3/5/2015,18:08:12,126.41,56425332
AAPL,3/5/2015,18:07:42,126.41,56425332
AAPL,3/5/2015,18:07:12,126.41,56425008
AAPL,3/5/2015,18:06:42,126.41,56424408
AAPL,3/5/2015,18:06:13,126.41,56423856
AAPL,3/5/2015,18:05:42,126.41,56423856
AAPL,3/5/2015,18:05:12,126.41,56423856
AAPL,3/5/2015,18:04:42,126.41,56422320
AAPL,3/5/2015,18:04:12,126.41,56422056
AAPL,3/5/2015,18:03:42,126.41,56420928
AAPL,3/5/2015,18:03:12,126.41,56419728
AAPL,3/5/2015,18:02:42,126.41,56417380
AAPL,3/5/2015,18:02:12,126.41,56417340
AAPL,3/5/2015,18:01:42,126.41,56417340
AAPL,3/5/2015,18:01:12,126.41,56417340
AAPL,3/5/2015,18:00:42,126.41,56417040
AAPL,3/5/2015,18:00:13,126.41,56416904
AAPL,3/5/2015,17:59:42,126.41,56416596
AAPL,3/5/2015,17:59:14,126.41,56415796
AAPL,3/5/2015,17:58:42,126.41,56415748
AAPL,3/5/2015,17:58:12,126.41,56415448
AAPL,3/5/2015,17:57:42,126.41,56415448
AAPL,3/5/2015,17:57:12,126.41,56415448
AAPL,3/5/2015,17:56:42,126.41,56414948
AAPL,3/5/2015,17:56:12,126.41,56414948
AAPL,3/5/2015,17:55:42,126.41,56414948
AAPL,3/5/2015,17:55:12,126.41,56414748
AAPL,3/5/2015,17:54:42,126.41,56414000
AAPL,3/5/2015,17:54:12,126.41,56413872
AAPL,3/5/2015,17:53:42,126.41,56408472
AAPL,3/5/2015,17:53:12,126.41,56408472
AAPL,3/5/2015,17:52:42,126.41,56408272
AAPL,3/5/2015,17:52:13,126.41,56408272
AAPL,3/5/2015,17:51:42,126.41,56408172
AAPL,3/5/2015,17:51:12,126.41,56408172
AAPL,3/5/2015,17:50:42,126.41,56408072
AAPL,3/5/2015,17:50:12,126.41,56407996
AAPL,3/5/2015,17:49:42,126.41,56407996
AAPL,3/5/2015,17:49:12,126.41,56406852
AAPL,3/5/2015,17:48:42,126.41,56406452
AAPL,3/5/2015,17:48:12,126.41,56405952
AAPL,3/5/2015,17:47:42,126.41,56405748
AAPL,3/5/2015,17:47:12,126.41,56404648
AAPL,3/5/2015,17:46:42,126.41,56404648
AAPL,3/5/2015,17:46:12,126.41,56404648
AAPL,3/5/2015,17:45:42,126.41,56404648
AAPL,3/5/2015,17:45:12,126.41,56395880
AAPL,3/5/2015,17:44:42,126.41,56395732
AAPL,3/5/2015,17:44:12,126.41,56395732
AAPL,3/5/2015,17:43:42,126.41,56395676
AAPL,3/5/2015,17:43:12,126.41,56395676
AAPL,3/5/2015,17:42:42,126.41,56391976
AAPL,3/5/2015,17:42:12,126.41,56391976
AAPL,3/5/2015,17:41:42,126.41,56391976
AAPL,3/5/2015,17:41:12,126.41,56391400
AAPL,3/5/2015,17:40:42,126.41,56391276
AAPL,3/5/2015,17:40:12,126.41,56390776
AAPL,3/5/2015,17:39:42,126.41,56390776
AAPL,3/5/2015,17:39:12,126.41,56385376
AAPL,3/5/2015,17:38:42,126.41,56385048
AAPL,3/5/2015,17:38:12,126.41,56385048
AAPL,3/5/2015,17:37:42,126.41,56384436
AAPL,3/5/2015,17:37:12,126.41,56384424
AAPL,3/5/2015,17:36:43,126.41,56384424
AAPL,3/5/2015,17:36:12,126.41,56384424
AAPL,3/5/2015,17:35:42,126.41,56383808
AAPL,3/5/2015,17:35:12,126.41,56383704
AAPL,3/5/2015,17:34:42,126.41,56383672
AAPL,3/5/2015,17:34:12,126.41,56383672
AAPL,3/5/2015,17:33:42,126.41,56383672
AAPL,3/5/2015,17:33:13,126.41,56383672
AAPL,3/5/2015,17:32:42,126.41,56383376
AAPL,3/5/2015,17:32:12,126.41,56383368
AAPL,3/5/2015,17:31:42,126.41,56383364
AAPL,3/5/2015,17:31:12,126.41,56382860
AAPL,3/5/2015,17:30:42,126.41,56382608
AAPL,3/5/2015,17:30:12,126.41,56382608
AAPL,3/5/2015,17:29:42,126.41,56382596
AAPL,3/5/2015,17:29:12,126.41,56382496
AAPL,3/5/2015,17:28:42,126.41,56382496
AAPL,3/5/2015,17:28:12,126.41,56382396
AAPL,3/5/2015,17:27:42,126.41,56382016
AAPL,3/5/2015,17:27:12,126.41,56382016
AAPL,3/5/2015,17:26:42,126.41,56381800
AAPL,3/5/2015,17:26:13,126.41,56381740
AAPL,3/5/2015,17:25:42,126.41,56381456
AAPL,3/5/2015,17:25:12,126.41,56381456
AAPL,3/5/2015,17:24:42,126.41,56381412
AAPL,3/5/2015,17:24:12,126.41,56381412
AAPL,3/5/2015,17:23:43,126.41,56381412
AAPL,3/5/2015,17:23:12,126.41,56381360
AAPL,3/5/2015,17:22:42,126.41,56381160
AAPL,3/5/2015,17:22:12,126.41,56380960
AAPL,3/5/2015,17:21:42,126.41,56380960
AAPL,3/5/2015,17:21:12,126.41,56380812
AAPL,3/5/2015,17:20:42,126.41,56380812
AAPL,3/5/2015,17:20:12,126.41,56380812
AAPL,3/5/2015,17:19:42,126.41,56380664
AAPL,3/5/2015,17:19:12,126.41,56380520
AAPL,3/5/2015,17:18:42,126.41,56380512
AAPL,3/5/2015,17:18:12,126.41,56380512
AAPL,3/5/2015,17:17:42,126.41,56380512
AAPL,3/5/2015,17:17:12,126.41,56380512
AAPL,3/5/2015,17:16:42,126.41,56379100
AAPL,3/5/2015,17:16:12,126.41,56379052
AAPL,3/5/2015,17:15:42,126.41,56379040
AAPL,3/5/2015,17:15:13,126.41,56379040
AAPL,3/5/2015,17:14:42,126.41,56378940
AAPL,3/5/2015,17:14:12,126.41,56378880
AAPL,3/5/2015,17:13:42,126.41,56377828
AAPL,3/5/2015,17:13:12,126.41,56377828
AAPL,3/5/2015,17:12:42,126.41,56377780
AAPL,3/5/2015,17:12:12,126.41,56377496
AAPL,3/5/2015,17:11:42,126.41,56376756
AAPL,3/5/2015,17:11:12,126.41,56376704
AAPL,3/5/2015,17:10:42,126.41,56376704
AAPL,3/5/2015,17:10:12,126.41,56376652
AAPL,3/5/2015,17:09:42,126.41,56375852
AAPL,3/5/2015,17:09:12,126.41,56375852
AAPL,3/5/2015,17:08:42,126.41,56375708
AAPL,3/5/2015,17:08:13,126.41,56375704
AAPL,3/5/2015,17:07:42,126.41,56375676
AAPL,3/5/2015,17:07:12,126.41,56375676
AAPL,3/5/2015,17:06:42,126.41,56375264
AAPL,3/5/2015,17:06:12,126.41,56375164
AAPL,3/5/2015,17:05:42,126.41,56375116
AAPL,3/5/2015,17:05:12,126.41,56375012
AAPL,3/5/2015,17:04:42,126.41,56375012
AAPL,3/5/2015,17:04:12,126.41,56375012
AAPL,3/5/2015,17:03:43,126.41,56375012
AAPL,3/5/2015,17:03:12,126.41,56374812
AAPL,3/5/2015,17:02:42,126.41,56374812
AAPL,3/5/2015,17:02:12,126.41,56374712
AAPL,3/5/2015,17:01:42,126.41,56374344
AAPL,3/5/2015,17:01:12,126.41,56374344
AAPL,3/5/2015,17:00:42,126.41,56374344
AAPL,3/5/2015,17:00:12,126.41,56374344
AAPL,3/5/2015,16:59:42,126.41,56374332
AAPL,3/5/2015,16:59:13,126.41,56374332
AAPL,3/5/2015,16:58:42,126.41,56374332
AAPL,3/5/2015,16:58:12,126.41,56350324
AAPL,3/5/2015,16:57:42,126.41,56350224
AAPL,3/5/2015,16:57:12,126.41,56350224
AAPL,3/5/2015,16:56:42,126.41,56350156
AAPL,3/5/2015,16:56:12,126.41,56350156
AAPL,3/5/2015,16:55:42,126.41,56350156
AAPL,3/5/2015,16:55:12,126.41,56349756
AAPL,3/5/2015,16:54:42,126.41,56349680
AAPL,3/5/2015,16:54:12,126.41,56271520
AAPL,3/5/2015,16:53:42,126.41,56271292
AAPL,3/5/2015,16:53:12,126.41,56271172
AAPL,3/5/2015,16:52:42,126.41,56271172
AAPL,3/5/2015,16:52:12,126.41,56271124
AAPL,3/5/2015,16:51:42,126.41,56271112
AAPL,3/5/2015,16:51:12,126.41,56271012
AAPL,3/5/2015,16:50:42,126.41,56270696
AAPL,3/5/2015,16:50:12,126.41,56270596
AAPL,3/5/2015,16:49:42,126.41,56270496
AAPL,3/5/2015,16:49:13,126.41,56270496
AAPL,3/5/2015,16:48:44,126.41,56012372
AAPL,3/5/2015,16:48:12,126.41,56008872
AAPL,3/5/2015,16:47:42,126.41,56007272
AAPL,3/5/2015,16:47:12,126.41,56007072
AAPL,3/5/2015,16:46:42,126.41,56005240
AAPL,3/5/2015,16:46:12,126.41,56005240
AAPL,3/5/2015,16:45:45,126.41,56005044
AAPL,3/5/2015,16:45:12,126.41,56004648
AAPL,3/5/2015,16:44:42,126.41,56000696
AAPL,3/5/2015,16:44:12,126.41,55998300
AAPL,3/5/2015,16:43:42,126.41,55998300
AAPL,3/5/2015,16:43:12,126.41,55996612
AAPL,3/5/2015,16:42:43,126.41,55996612
AAPL,3/5/2015,16:42:12,126.41,55996480
AAPL,3/5/2015,16:41:42,126.41,55994080
AAPL,3/5/2015,16:41:13,126.41,55994080
AAPL,3/5/2015,16:40:42,126.41,55988608
AAPL,3/5/2015,16:40:12,126.41,55988276
AAPL,3/5/2015,16:39:42,126.41,55987736
AAPL,3/5/2015,16:39:12,126.41,55987636
AAPL,3/5/2015,16:38:42,126.41,55987136
AAPL,3/5/2015,16:38:12,126.41,55982784
AAPL,3/5/2015,16:37:42,126.41,55982760
AAPL,3/5/2015,16:37:12,126.41,55982160
AAPL,3/5/2015,16:36:42,126.41,55982152
AAPL,3/5/2015,16:36:12,126.41,55982152
AAPL,3/5/2015,16:35:42,126.41,55972052
AAPL,3/5/2015,16:35:13,126.41,55972024
AAPL,3/5/2015,16:34:42,126.41,55971420
AAPL,3/5/2015,16:34:12,126.41,55970524
AAPL,3/5/2015,16:33:42,126.41,55919472
AAPL,3/5/2015,16:33:12,126.41,55919452
AAPL,3/5/2015,16:32:42,126.41,55912532
AAPL,3/5/2015,16:32:12,126.41,55912460
AAPL,3/5/2015,16:31:42,126.41,55911960
AAPL,3/5/2015,16:31:12,126.41,55911948
AAPL,3/5/2015,16:30:42,126.41,55908396
AAPL,3/5/2015,16:30:12,126.41,55907996
AAPL,3/5/2015,16:29:42,126.39,55907796
AAPL,3/5/2015,16:29:12,126.39,55891428
AAPL,3/5/2015,16:28:42,126.39,55890928
AAPL,3/5/2015,16:28:12,126.39,55889916
AAPL,3/5/2015,16:27:42,126.39,55889192
AAPL,3/5/2015,16:27:12,126.39,55888692
AAPL,3/5/2015,16:26:46,126.39,55888360
AAPL,3/5/2015,16:26:12,126.39,55887904
AAPL,3/5/2015,16:25:42,126.39,55881312
AAPL,3/5/2015,16:25:12,126.39,55880904
AAPL,3/5/2015,16:24:42,126.39,55880896
AAPL,3/5/2015,16:24:12,126.39,55879288
AAPL,3/5/2015,16:23:42,126.39,55878952
AAPL,3/5/2015,16:23:12,126.39,55878752
AAPL,3/5/2015,16:22:42,126.39,55878200
AAPL,3/5/2015,16:22:12,126.39,55878200
AAPL,3/5/2015,16:21:42,126.39,55864952
AAPL,3/5/2015,16:21:12,126.39,55863200
AAPL,3/5/2015,16:20:42,126.39,55863200
AAPL,3/5/2015,16:20:12,126.39,55863200
AAPL,3/5/2015,16:19:42,126.39,55862852
AAPL,3/5/2015,16:19:12,126.39,55858928
AAPL,3/5/2015,16:18:42,126.39,55853824
AAPL,3/5/2015,16:18:12,126.39,55853528
AAPL,3/5/2015,16:17:42,126.39,55852824
AAPL,3/5/2015,16:17:12,126.39,55852516
AAPL,3/5/2015,16:16:42,126.39,55847716
AAPL,3/5/2015,16:16:12,126.39,55842668
AAPL,3/5/2015,16:15:42,126.39,55838096
AAPL,3/5/2015,16:15:12,126.39,55734528
AAPL,3/5/2015,16:14:42,126.41,53589976
AAPL,3/5/2015,16:14:12,126.39,53367064
AAPL,3/5/2015,16:13:42,126.37,53211348
AAPL,3/5/2015,16:13:12,126.41,53086020
AAPL,3/5/2015,16:12:42,126.5,52937512
AAPL,3/5/2015,16:12:12,126.51,52833648
AAPL,3/5/2015,16:11:42,126.47,52669836
AAPL,3/5/2015,16:11:12,126.46,52562332
AAPL,3/5/2015,16:10:42,126.46,52456056
AAPL,3/5/2015,16:10:12,126.46,52396120
AAPL,3/5/2015,16:09:42,126.43,52284480
AAPL,3/5/2015,16:09:12,126.45,52224584
AAPL,3/5/2015,16:08:43,126.43,52153456
AAPL,3/5/2015,16:08:12,126.43,52074584
AAPL,3/5/2015,16:07:42,126.43,51969984
AAPL,3/5/2015,16:07:12,126.4,51871040
AAPL,3/5/2015,16:06:42,126.42,51809992
AAPL,3/5/2015,16:06:12,126.4,51735744
AAPL,3/5/2015,16:05:42,126.38,51640352
AAPL,3/5/2015,16:05:12,126.33,51513516
AAPL,3/5/2015,16:04:42,126.26,51338764
AAPL,3/5/2015,16:04:13,126.24,51236980
AAPL,3/5/2015,16:03:42,126.25,51158744
AAPL,3/5/2015,16:03:12,126.24,51103804
AAPL,3/5/2015,16:02:43,126.22,51034524
AAPL,3/5/2015,16:02:12,126.29,50959048
AAPL,3/5/2015,16:01:42,126.29,50922784
AAPL,3/5/2015,16:01:13,126.22,50841016
AAPL,3/5/2015,16:00:42,126.14,50769452
AAPL,3/5/2015,16:00:13,126.23,50684200
AAPL,3/5/2015,15:59:42,126.25,50612316
AAPL,3/5/2015,15:59:12,126.26,50536984
AAPL,3/5/2015,15:58:42,126.3,50471028
AAPL,3/5/2015,15:58:12,126.32,50432968
AAPL,3/5/2015,15:57:42,126.37,50369568
AAPL,3/5/2015,15:57:12,126.37,50287136
AAPL,3/5/2015,15:56:42,126.36,50256260
AAPL,3/5/2015,15:56:12,126.32,50214864
AAPL,3/5/2015,15:55:42,126.34,50164156
AAPL,3/5/2015,15:55:12,126.33,50109440
AAPL,3/5/2015,15:54:42,126.32,50004688
AAPL,3/5/2015,15:54:12,126.35,49967512
AAPL,3/5/2015,15:53:42,126.36,49932428
AAPL,3/5/2015,15:53:12,126.42,49902060
AAPL,3/5/2015,15:52:42,126.38,49844448
AAPL,3/5/2015,15:52:12,126.39,49825056
AAPL,3/5/2015,15:51:42,126.34,49736176
AAPL,3/5/2015,15:51:12,126.3,49693768
AAPL,3/5/2015,15:50:42,126.27,49634744
AAPL,3/5/2015,15:50:12,126.21,49593692
AAPL,3/5/2015,15:49:42,126.22,49498128
AAPL,3/5/2015,15:49:12,126.3,49416892
AAPL,3/5/2015,15:48:43,126.27,49387852
AAPL,3/5/2015,15:48:12,126.28,49344800
AAPL,3/5/2015,15:47:42,126.27,49289276
AAPL,3/5/2015,15:47:12,126.28,49243776
AAPL,3/5/2015,15:46:42,126.32,49164152
AAPL,3/5/2015,15:46:13,126.43,49081032
AAPL,3/5/2015,15:45:42,126.43,49019908
AAPL,3/5/2015,15:45:12,126.39,48955028
AAPL,3/5/2015,15:44:42,126.42,48924764
AAPL,3/5/2015,15:44:12,126.4,48885160
AAPL,3/5/2015,15:43:42,126.41,48833792
AAPL,3/5/2015,15:43:12,126.46,48789268
AAPL,3/5/2015,15:42:42,126.45,48775324
AAPL,3/5/2015,15:42:12,126.44,48732040
AAPL,3/5/2015,15:41:42,126.49,48698512
AAPL,3/5/2015,15:41:12,126.5,48664168
AAPL,3/5/2015,15:40:42,126.51,48637880
AAPL,3/5/2015,15:40:12,126.53,48595712
AAPL,3/5/2015,15:39:42,126.49,48559112
AAPL,3/5/2015,15:39:12,126.53,48540292
AAPL,3/5/2015,15:38:42,126.55,48516456
AAPL,3/5/2015,15:38:12,126.5,48466676
AAPL,3/5/2015,15:37:42,126.46,48430984
AAPL,3/5/2015,15:37:12,126.44,48407528
AAPL,3/5/2015,15:36:42,126.43,48368056
AAPL,3/5/2015,15:36:12,126.41,48348764
AAPL,3/5/2015,15:35:42,126.43,48328204
AAPL,3/5/2015,15:35:12,126.38,48298320
AAPL,3/5/2015,15:34:42,126.37,48269612
AAPL,3/5/2015,15:34:14,126.4,48226152
AAPL,3/5/2015,15:33:42,126.45,48171648
AAPL,3/5/2015,15:33:12,126.43,48154552
AAPL,3/5/2015,15:32:42,126.44,48136884
AAPL,3/5/2015,15:32:14,126.46,48118552
AAPL,3/5/2015,15:31:42,126.46,48098544
AAPL,3/5/2015,15:31:13,126.45,48055736
AAPL,3/5/2015,15:30:42,126.45,48019480
AAPL,3/5/2015,15:30:13,126.36,47967108
AAPL,3/5/2015,15:29:42,126.36,47922292
AAPL,3/5/2015,15:29:12,126.36,47906736
AAPL,3/5/2015,15:28:43,126.38,47880424
AAPL,3/5/2015,15:28:12,126.4,47841108
AAPL,3/5/2015,15:27:42,126.42,47811804
AAPL,3/5/2015,15:27:12,126.47,47718144
AAPL,3/5/2015,15:26:46,126.44,47683852
AAPL,3/5/2015,15:26:13,126.39,47610736
AAPL,3/5/2015,15:25:42,126.39,47567520
AAPL,3/5/2015,15:25:12,126.3,47486560
AAPL,3/5/2015,15:24:42,126.34,47389152
AAPL,3/5/2015,15:24:12,126.34,47353440
AAPL,3/5/2015,15:23:42,126.4,47308652
AAPL,3/5/2015,15:23:12,126.4,47273280
AAPL,3/5/2015,15:22:42,126.4,47191216
AAPL,3/5/2015,15:22:12,126.43,47101104
AAPL,3/5/2015,15:21:42,126.45,47058240
AAPL,3/5/2015,15:21:13,126.56,47007328
AAPL,3/5/2015,15:20:43,126.57,46974932
AAPL,3/5/2015,15:20:12,126.59,46944576
AAPL,3/5/2015,15:19:42,126.54,46915592
AAPL,3/5/2015,15:19:12,126.54,46866200
AAPL,3/5/2015,15:18:42,126.48,46780436
AAPL,3/5/2015,15:18:12,126.5,46706024
AAPL,3/5/2015,15:17:43,126.53,46612548
AAPL,3/5/2015,15:17:12,126.56,46545788
AAPL,3/5/2015,15:16:42,126.62,46488544
AAPL,3/5/2015,15:16:12,126.63,46459128
AAPL,3/5/2015,15:15:42,126.68,46408344
AAPL,3/5/2015,15:15:13,126.71,46359324
AAPL,3/5/2015,15:14:42,126.73,46333028
AAPL,3/5/2015,15:14:12,126.73,46316176
AAPL,3/5/2015,15:13:42,126.75,46267844
AAPL,3/5/2015,15:13:12,126.72,46251112
AAPL,3/5/2015,15:12:42,126.77,46210192
AAPL,3/5/2015,15:12:12,126.76,46186664
AAPL,3/5/2015,15:11:42,126.84,46121672
AAPL,3/5/2015,15:11:12,126.83,46091708
AAPL,3/5/2015,15:10:45,126.83,46046656
AAPL,3/5/2015,15:10:12,126.91,45985868
AAPL,3/5/2015,15:09:43,126.89,45911956
AAPL,3/5/2015,15:09:13,126.88,45800224
AAPL,3/5/2015,15:08:42,126.8,45733484
AAPL,3/5/2015,15:08:12,126.77,45668432
AAPL,3/5/2015,15:07:42,126.7,45581720
AAPL,3/5/2015,15:07:12,126.7,45514656
AAPL,3/5/2015,15:06:42,126.59,45432908
AAPL,3/5/2015,15:06:12,126.49,45366748
AAPL,3/5/2015,15:05:42,126.44,45291596
AAPL,3/5/2015,15:05:12,126.45,45261016
AAPL,3/5/2015,15:04:42,126.47,45206616
AAPL,3/5/2015,15:04:12,126.48,45148276
AAPL,3/5/2015,15:03:42,126.46,45099352
AAPL,3/5/2015,15:03:12,126.45,45039408
AAPL,3/5/2015,15:02:42,126.5,44997848
AAPL,3/5/2015,15:02:12,126.49,44964284
AAPL,3/5/2015,15:01:42,126.53,44900964
AAPL,3/5/2015,15:01:14,126.55,44871084
AAPL,3/5/2015,15:00:42,126.6,44860192
AAPL,3/5/2015,15:00:12,126.59,44833460
AAPL,3/5/2015,14:59:42,126.5,44730112
AAPL,3/5/2015,14:59:12,126.51,44654028
AAPL,3/5/2015,14:58:42,126.6,44572212
AAPL,3/5/2015,14:58:12,126.62,44506264
AAPL,3/5/2015,14:57:42,126.66,44451568
AAPL,3/5/2015,14:57:12,126.69,44427204
AAPL,3/5/2015,14:56:42,126.72,44400688
AAPL,3/5/2015,14:56:12,126.7,44342320
AAPL,3/5/2015,14:55:42,126.65,44313808
AAPL,3/5/2015,14:55:12,126.63,44266132
AAPL,3/5/2015,14:54:42,126.63,44244208
AAPL,3/5/2015,14:54:12,126.63,44233164
AAPL,3/5/2015,14:53:42,126.67,44207096
AAPL,3/5/2015,14:53:12,126.66,44200528
AAPL,3/5/2015,14:52:42,126.64,44176592
AAPL,3/5/2015,14:52:12,126.64,44161088
AAPL,3/5/2015,14:51:42,126.64,44129728
AAPL,3/5/2015,14:51:12,126.65,44073576
AAPL,3/5/2015,14:50:42,126.71,44014956
AAPL,3/5/2015,14:50:12,126.71,44002352
AAPL,3/5/2015,14:49:42,126.79,43971496
AAPL,3/5/2015,14:49:12,126.8,43936752
AAPL,3/5/2015,14:48:42,126.75,43901448
AAPL,3/5/2015,14:48:12,126.74,43891016
AAPL,3/5/2015,14:47:43,126.77,43875128
AAPL,3/5/2015,14:47:13,126.73,43854488
AAPL,3/5/2015,14:46:42,126.72,43844160
AAPL,3/5/2015,14:46:12,126.68,43813896
AAPL,3/5/2015,14:45:42,126.73,43767148
AAPL,3/5/2015,14:45:12,126.72,43739616
AAPL,3/5/2015,14:44:42,126.79,43675244
AAPL,3/5/2015,14:44:12,126.78,43647248
AAPL,3/5/2015,14:43:42,126.8,43621320
AAPL,3/5/2015,14:43:12,126.85,43560292
AAPL,3/5/2015,14:42:42,126.87,43506120
AAPL,3/5/2015,14:42:12,126.83,43443128
AAPL,3/5/2015,14:41:42,126.83,43418592
AAPL,3/5/2015,14:41:12,126.75,43369448
AAPL,3/5/2015,14:40:42,126.75,43340740
AAPL,3/5/2015,14:40:12,126.75,43308012
AAPL,3/5/2015,14:39:42,126.75,43282308
AAPL,3/5/2015,14:39:12,126.76,43233792
AAPL,3/5/2015,14:38:42,126.74,43202952
AAPL,3/5/2015,14:38:12,126.79,43148800
AAPL,3/5/2015,14:37:42,126.76,43120160
AAPL,3/5/2015,14:37:12,126.76,43082068
AAPL,3/5/2015,14:36:42,126.73,43037896
AAPL,3/5/2015,14:36:12,126.78,42964832
AAPL,3/5/2015,14:35:43,126.8,42896840
AAPL,3/5/2015,14:35:12,126.76,42858784
AAPL,3/5/2015,14:34:42,126.76,42826888
AAPL,3/5/2015,14:34:12,126.77,42799796
AAPL,3/5/2015,14:33:42,126.73,42754808
AAPL,3/5/2015,14:33:12,126.69,42724168
AAPL,3/5/2015,14:32:42,126.69,42674896
AAPL,3/5/2015,14:32:12,126.75,42640864
AAPL,3/5/2015,14:31:42,126.72,42613856
AAPL,3/5/2015,14:31:12,126.72,42531152
AAPL,3/5/2015,14:30:42,126.75,42473796
AAPL,3/5/2015,14:30:12,126.72,42407536
AAPL,3/5/2015,14:29:42,126.61,42321920
AAPL,3/5/2015,14:29:12,126.61,42279392
AAPL,3/5/2015,14:28:42,126.62,42220640
AAPL,3/5/2015,14:28:12,126.63,42178184
AAPL,3/5/2015,14:27:42,126.63,42159520
AAPL,3/5/2015,14:27:13,126.63,42106268
AAPL,3/5/2015,14:26:42,126.62,42060824
AAPL,3/5/2015,14:26:12,126.58,42009988
AAPL,3/5/2015,14:25:42,126.56,41982488
AAPL,3/5/2015,14:25:12,126.62,41944096
AAPL,3/5/2015,14:24:42,126.57,41902432
AAPL,3/5/2015,14:24:12,126.53,41864212
AAPL,3/5/2015,14:23:42,126.54,41834444
AAPL,3/5/2015,14:23:13,126.51,41796176
AAPL,3/5/2015,14:22:42,126.52,41759096
AAPL,3/5/2015,14:22:12,126.54,41742936
AAPL,3/5/2015,14:21:42,126.55,41691428
AAPL,3/5/2015,14:21:12,126.6,41655840
AAPL,3/5/2015,14:20:42,126.58,41612792
AAPL,3/5/2015,14:20:12,126.61,41539976
AAPL,3/5/2015,14:19:42,126.61,41505820
AAPL,3/5/2015,14:19:12,126.58,41461536
AAPL,3/5/2015,14:18:42,126.57,41428768
AAPL,3/5/2015,14:18:13,126.61,41349324
AAPL,3/5/2015,14:17:42,126.55,41272772
AAPL,3/5/2015,14:17:12,126.49,41141124
AAPL,3/5/2015,14:16:42,126.41,41098612
AAPL,3/5/2015,14:16:12,126.4,41074496
AAPL,3/5/2015,14:15:42,126.36,41039472
AAPL,3/5/2015,14:15:13,126.36,41010780
AAPL,3/5/2015,14:14:42,126.36,40971340
AAPL,3/5/2015,14:14:13,126.31,40949576
AAPL,3/5/2015,14:13:43,126.29,40938200
AAPL,3/5/2015,14:13:12,126.27,40921132
AAPL,3/5/2015,14:12:42,126.27,40902324
AAPL,3/5/2015,14:12:12,126.28,40887620
AAPL,3/5/2015,14:11:42,126.28,40869480
AAPL,3/5/2015,14:11:12,126.31,40830316
AAPL,3/5/2015,14:10:43,126.27,40806424
AAPL,3/5/2015,14:10:12,126.27,40793384
AAPL,3/5/2015,14:09:43,126.28,40775856
AAPL,3/5/2015,14:09:12,126.33,40725416
AAPL,3/5/2015,14:08:42,126.32,40709888
AAPL,3/5/2015,14:08:13,126.31,40695496
AAPL,3/5/2015,14:07:42,126.33,40664772
AAPL,3/5/2015,14:07:12,126.32,40644560
AAPL,3/5/2015,14:06:42,126.36,40607824
AAPL,3/5/2015,14:06:12,126.34,40580808
AAPL,3/5/2015,14:05:42,126.35,40567444
AAPL,3/5/2015,14:05:12,126.34,40526684
AAPL,3/5/2015,14:04:42,126.33,40504328
AAPL,3/5/2015,14:04:13,126.32,40486756
AAPL,3/5/2015,14:03:42,126.29,40452420
AAPL,3/5/2015,14:03:12,126.26,40437188
AAPL,3/5/2015,14:02:42,126.26,40414644
AAPL,3/5/2015,14:02:12,126.26,40396696
AAPL,3/5/2015,14:01:42,126.25,40372532
AAPL,3/5/2015,14:01:12,126.24,40349844
AAPL,3/5/2015,14:00:42,126.24,40327668
AAPL,3/5/2015,14:00:12,126.13,40271800
AAPL,3/5/2015,13:59:42,126.12,40243744
AAPL,3/5/2015,13:59:12,126.16,40224796
AAPL,3/5/2015,13:58:42,126.11,40173496
AAPL,3/5/2015,13:58:12,126.15,40126932
AAPL,3/5/2015,13:57:42,126.18,40099300
AAPL,3/5/2015,13:57:12,126.19,40076860
AAPL,3/5/2015,13:56:42,126.14,40028588
AAPL,3/5/2015,13:56:12,126.13,39985576
AAPL,3/5/2015,13:55:42,126.16,39952880
AAPL,3/5/2015,13:55:13,126.23,39858216
AAPL,3/5/2015,13:54:42,126.24,39835992
AAPL,3/5/2015,13:54:12,126.32,39750752
AAPL,3/5/2015,13:53:43,126.33,39731624
AAPL,3/5/2015,13:53:12,126.34,39714880
AAPL,3/5/2015,13:52:43,126.28,39693908
AAPL,3/5/2015,13:52:12,126.26,39662192
AAPL,3/5/2015,13:51:42,126.34,39593472
AAPL,3/5/2015,13:51:12,126.36,39575976
AAPL,3/5/2015,13:50:43,126.4,39557672
AAPL,3/5/2015,13:50:12,126.36,39546508
AAPL,3/5/2015,13:49:42,126.35,39534524
AAPL,3/5/2015,13:49:12,126.35,39512588
AAPL,3/5/2015,13:48:42,126.38,39483528
AAPL,3/5/2015,13:48:12,126.41,39459880
AAPL,3/5/2015,13:47:42,126.42,39433872
AAPL,3/5/2015,13:47:12,126.42,39389580
AAPL,3/5/2015,13:46:42,126.38,39348552
AAPL,3/5/2015,13:46:12,126.41,39310396
AAPL,3/5/2015,13:45:43,126.42,39278112
AAPL,3/5/2015,13:45:12,126.41,39255544
AAPL,3/5/2015,13:44:42,126.42,39199344
AAPL,3/5/2015,13:44:12,126.41,39167920
AAPL,3/5/2015,13:43:42,126.42,39130028
AAPL,3/5/2015,13:43:12,126.4,39098432
AAPL,3/5/2015,13:42:42,126.38,39065280
AAPL,3/5/2015,13:42:12,126.38,39008764
AAPL,3/5/2015,13:41:42,126.39,38979844
AAPL,3/5/2015,13:41:12,126.36,38899720
AAPL,3/5/2015,13:40:42,126.38,38869616
AAPL,3/5/2015,13:40:12,126.32,38833560
AAPL,3/5/2015,13:39:42,126.28,38798560
AAPL,3/5/2015,13:39:13,126.28,38775032
AAPL,3/5/2015,13:38:42,126.22,38751248
AAPL,3/5/2015,13:38:12,126.22,38718308
AAPL,3/5/2015,13:37:42,126.24,38697532
AAPL,3/5/2015,13:37:12,126.18,38659464
AAPL,3/5/2015,13:36:42,126.3,38606476
AAPL,3/5/2015,13:36:12,126.32,38561112
AAPL,3/5/2015,13:35:42,126.31,38521832
AAPL,3/5/2015,13:35:12,126.35,38473028
AAPL,3/5/2015,13:34:42,126.31,38395024
AAPL,3/5/2015,13:34:12,126.29,38348556
AAPL,3/5/2015,13:33:42,126.33,38309440
AAPL,3/5/2015,13:33:14,126.23,38250232
AAPL,3/5/2015,13:32:43,126.21,38223124
AAPL,3/5/2015,13:32:13,126.2,38178192
AAPL,3/5/2015,13:31:42,126.24,38135652
AAPL,3/5/2015,13:31:12,126.18,38091416
AAPL,3/5/2015,13:30:42,126.21,38044712
AAPL,3/5/2015,13:30:12,126.11,38002904
AAPL,3/5/2015,13:29:42,126.09,37977720
AAPL,3/5/2015,13:29:12,126.11,37941932
AAPL,3/5/2015,13:28:42,126.13,37918836
AAPL,3/5/2015,13:28:12,126.19,37890964
AAPL,3/5/2015,13:27:42,126.14,37857960
AAPL,3/5/2015,13:27:12,126.06,37804072
AAPL,3/5/2015,13:26:42,126.11,37779176
AAPL,3/5/2015,13:26:12,126.08,37739656
AAPL,3/5/2015,13:25:42,126.12,37701876
AAPL,3/5/2015,13:25:12,126.16,37665172
AAPL,3/5/2015,13:24:42,126.2,37645212
AAPL,3/5/2015,13:24:12,126.12,37571200
AAPL,3/5/2015,13:23:42,126.17,37531584
AAPL,3/5/2015,13:23:13,126.17,37471664
AAPL,3/5/2015,13:22:42,126.17,37428952
AAPL,3/5/2015,13:22:12,126.2,37405856
AAPL,3/5/2015,13:21:42,126.16,37346624
AAPL,3/5/2015,13:21:12,126.18,37295696
AAPL,3/5/2015,13:20:42,126.25,37218668
AAPL,3/5/2015,13:20:12,126.3,37147964
AAPL,3/5/2015,13:19:42,126.2,37043276
AAPL,3/5/2015,13:19:12,126.18,36976352
AAPL,3/5/2015,13:18:42,126.16,36898580
AAPL,3/5/2015,13:18:12,126.12,36835672
AAPL,3/5/2015,13:17:42,126.12,36790720
AAPL,3/5/2015,13:17:12,126.08,36697712
AAPL,3/5/2015,13:16:43,126.01,36572816
AAPL,3/5/2015,13:16:12,125.86,36400976
AAPL,3/5/2015,13:15:42,125.88,36322240
AAPL,3/5/2015,13:15:12,125.9,36250040
AAPL,3/5/2015,13:14:42,125.91,36169744
AAPL,3/5/2015,13:14:12,125.77,36073072
AAPL,3/5/2015,13:13:42,125.89,35916368
AAPL,3/5/2015,13:13:12,125.87,35840460
AAPL,3/5/2015,13:12:43,125.9,35774760
AAPL,3/5/2015,13:12:12,125.91,35663964
AAPL,3/5/2015,13:11:42,125.96,35588524
AAPL,3/5/2015,13:11:12,125.87,35457456
AAPL,3/5/2015,13:10:42,125.91,35325432
AAPL,3/5/2015,13:10:12,125.94,35263136
AAPL,3/5/2015,13:09:42,126.01,35097004
AAPL,3/5/2015,13:09:12,126.1,35024440
AAPL,3/5/2015,13:08:42,126.13,34971720
AAPL,3/5/2015,13:08:12,126.13,34918772
AAPL,3/5/2015,13:07:42,126.11,34865840
AAPL,3/5/2015,13:07:12,126.06,34785576
AAPL,3/5/2015,13:06:42,126.15,34679104
AAPL,3/5/2015,13:06:12,126.04,34553344
AAPL,3/5/2015,13:05:42,126.13,33793132
AAPL,3/5/2015,13:05:12,126.11,33704796
AAPL,3/5/2015,13:04:42,126.2,33534846
AAPL,3/5/2015,13:04:12,126.29,33446248
AAPL,3/5/2015,13:03:42,126.26,33393718
AAPL,3/5/2015,13:03:12,126.29,33318598
AAPL,3/5/2015,13:02:42,126.23,33219520
AAPL,3/5/2015,13:02:12,126.35,33101970
AAPL,3/5/2015,13:01:42,126.38,33051660
AAPL,3/5/2015,13:01:12,126.39,33005020
AAPL,3/5/2015,13:00:42,126.24,32892630
AAPL,3/5/2015,13:00:13,126.42,32575728
AAPL,3/5/2015,12:59:42,126.44,32351106
AAPL,3/5/2015,12:59:12,126.45,32292980
AAPL,3/5/2015,12:58:42,126.52,32052340
AAPL,3/5/2015,12:58:12,126.57,31960396
AAPL,3/5/2015,12:57:42,126.57,31926188
AAPL,3/5/2015,12:57:12,126.59,31904054
AAPL,3/5/2015,12:56:42,126.62,31816832
AAPL,3/5/2015,12:56:12,126.63,31780198
AAPL,3/5/2015,12:55:42,126.64,31768468
AAPL,3/5/2015,12:55:12,126.62,31747082
AAPL,3/5/2015,12:54:42,126.64,31729562
AAPL,3/5/2015,12:54:12,126.62,31712464
AAPL,3/5/2015,12:53:42,126.63,31687196
AAPL,3/5/2015,12:53:12,126.61,31658628
AAPL,3/5/2015,12:52:42,126.63,31612220
AAPL,3/5/2015,12:52:12,126.69,31567682
AAPL,3/5/2015,12:51:42,126.66,31553008
AAPL,3/5/2015,12:51:12,126.66,31529396
AAPL,3/5/2015,12:50:42,126.71,31506364
AAPL,3/5/2015,12:50:12,126.69,31483300
AAPL,3/5/2015,12:49:42,126.72,31454628
AAPL,3/5/2015,12:49:12,126.75,31444276
AAPL,3/5/2015,12:48:42,126.75,31429612
AAPL,3/5/2015,12:48:12,126.74,31396808
AAPL,3/5/2015,12:47:42,126.73,31387912
AAPL,3/5/2015,12:47:12,126.73,31362616
AAPL,3/5/2015,12:46:42,126.71,31345612
AAPL,3/5/2015,12:46:12,126.68,31329168
AAPL,3/5/2015,12:45:42,126.69,31312060
AAPL,3/5/2015,12:45:13,126.71,31283964
AAPL,3/5/2015,12:44:42,126.72,31273476
AAPL,3/5/2015,12:44:12,126.7,31260998
AAPL,3/5/2015,12:43:42,126.73,31216880
AAPL,3/5/2015,12:43:12,126.75,31204386
AAPL,3/5/2015,12:42:42,126.79,31189584
AAPL,3/5/2015,12:42:12,126.74,31171344
AAPL,3/5/2015,12:41:42,126.76,31140182
AAPL,3/5/2015,12:41:12,126.74,31117744
AAPL,3/5/2015,12:40:42,126.77,31088440
AAPL,3/5/2015,12:40:12,126.74,31043022
AAPL,3/5/2015,12:39:42,126.74,31000036
AAPL,3/5/2015,12:39:12,126.65,30928808
AAPL,3/5/2015,12:38:44,126.66,30909336
AAPL,3/5/2015,12:38:12,126.61,30856616
AAPL,3/5/2015,12:37:45,126.62,30832160
AAPL,3/5/2015,12:37:14,126.6,30805350
AAPL,3/5/2015,12:36:42,126.62,30773688
AAPL,3/5/2015,12:36:13,126.58,30719056
AAPL,3/5/2015,12:35:42,126.62,30683216
AAPL,3/5/2015,12:35:12,126.66,30647484
AAPL,3/5/2015,12:34:42,126.68,30630312
AAPL,3/5/2015,12:34:12,126.68,30610456
AAPL,3/5/2015,12:33:42,126.69,30586162
AAPL,3/5/2015,12:33:12,126.72,30552384
AAPL,3/5/2015,12:32:42,126.71,30528476
AAPL,3/5/2015,12:32:12,126.66,30500796
AAPL,3/5/2015,12:31:43,126.7,30454544
AAPL,3/5/2015,12:31:12,126.64,30409620
AAPL,3/5/2015,12:30:43,126.68,30361346
AAPL,3/5/2015,12:30:12,126.6,30293450
AAPL,3/5/2015,12:29:45,126.65,30216126
AAPL,3/5/2015,12:29:12,126.73,30140544
AAPL,3/5/2015,12:28:43,126.74,30106798
AAPL,3/5/2015,12:28:12,126.76,30071564
AAPL,3/5/2015,12:27:42,126.73,30053104
AAPL,3/5/2015,12:27:12,126.79,30023816
AAPL,3/5/2015,12:26:42,126.85,29994608
AAPL,3/5/2015,12:26:12,126.84,29987058
AAPL,3/5/2015,12:25:43,126.83,29958952
AAPL,3/5/2015,12:25:13,126.77,29935768
AAPL,3/5/2015,12:24:42,126.83,29903480
AAPL,3/5/2015,12:24:12,126.83,29890556
AAPL,3/5/2015,12:23:42,126.87,29861560
AAPL,3/5/2015,12:23:12,126.82,29850880
AAPL,3/5/2015,12:22:42,126.84,29822100
AAPL,3/5/2015,12:22:12,126.79,29770552
AAPL,3/5/2015,12:21:43,126.84,29684336
AAPL,3/5/2015,12:21:12,126.9,29639116
AAPL,3/5/2015,12:20:42,126.91,29615340
AAPL,3/5/2015,12:20:12,126.91,29599664
AAPL,3/5/2015,12:19:42,126.92,29584348
AAPL,3/5/2015,12:19:12,126.9,29568028
AAPL,3/5/2015,12:18:42,126.85,29524106
AAPL,3/5/2015,12:18:12,126.86,29497496
AAPL,3/5/2015,12:17:42,126.89,29470066
AAPL,3/5/2015,12:17:12,126.87,29446544
AAPL,3/5/2015,12:16:42,126.88,29397532
AAPL,3/5/2015,12:16:12,126.91,29365716
AAPL,3/5/2015,12:15:43,126.93,29317134
AAPL,3/5/2015,12:15:12,126.92,29273670
AAPL,3/5/2015,12:14:42,126.94,29235364
AAPL,3/5/2015,12:14:12,126.97,29188708
AAPL,3/5/2015,12:13:42,127.01,29153480
AAPL,3/5/2015,12:13:12,127.03,29116252
AAPL,3/5/2015,12:12:42,127.09,29076732
AAPL,3/5/2015,12:12:12,127.14,29027998
AAPL,3/5/2015,12:11:42,127.1,28966056
AAPL,3/5/2015,12:11:12,127.14,28924388
AAPL,3/5/2015,12:10:42,127.13,28848596
AAPL,3/5/2015,12:10:12,127.07,28737888
AAPL,3/5/2015,12:09:42,126.98,28574432
AAPL,3/5/2015,12:09:12,126.97,28550696
AAPL,3/5/2015,12:08:42,126.93,28535068
AAPL,3/5/2015,12:08:12,126.98,28495106
AAPL,3/5/2015,12:07:42,126.92,28388116
AAPL,3/5/2015,12:07:12,126.93,28364136
AAPL,3/5/2015,12:06:42,126.93,28329236
AAPL,3/5/2015,12:06:12,126.93,28305810
AAPL,3/5/2015,12:05:42,126.92,28261080
AAPL,3/5/2015,12:05:12,126.83,28213988
AAPL,3/5/2015,12:04:42,126.84,28185038
AAPL,3/5/2015,12:04:12,126.86,28155696
AAPL,3/5/2015,12:03:42,126.86,28098666
AAPL,3/5/2015,12:03:12,126.81,28054900
AAPL,3/5/2015,12:02:42,126.82,28008988
AAPL,3/5/2015,12:02:12,126.81,27958608
AAPL,3/5/2015,12:01:42,126.84,27916760
AAPL,3/5/2015,12:01:12,126.85,27886160
AAPL,3/5/2015,12:00:42,126.81,27845294
AAPL,3/5/2015,12:00:12,126.79,27819408
AAPL,3/5/2015,11:59:44,126.76,27797980
AAPL,3/5/2015,11:59:12,126.82,27760930
AAPL,3/5/2015,11:58:42,126.79,27689738
AAPL,3/5/2015,11:58:12,126.73,27646746
AAPL,3/5/2015,11:57:42,126.7,27618028
AAPL,3/5/2015,11:57:12,126.69,27592640
AAPL,3/5/2015,11:56:42,126.7,27545502
AAPL,3/5/2015,11:56:12,126.74,27498688
AAPL,3/5/2015,11:55:42,126.74,27444236
AAPL,3/5/2015,11:55:12,126.71,27361316
AAPL,3/5/2015,11:54:42,126.74,27331582
AAPL,3/5/2015,11:54:12,126.74,27306584
AAPL,3/5/2015,11:53:42,126.71,27280240
AAPL,3/5/2015,11:53:12,126.8,27212632
AAPL,3/5/2015,11:52:42,126.78,27165930
AAPL,3/5/2015,11:52:12,126.87,27097904
AAPL,3/5/2015,11:51:42,126.87,27021294
AAPL,3/5/2015,11:51:12,126.92,26957730
AAPL,3/5/2015,11:50:42,126.96,26902592
AAPL,3/5/2015,11:50:12,126.97,26872788
AAPL,3/5/2015,11:49:42,126.97,26825780
AAPL,3/5/2015,11:49:12,126.94,26768888
AAPL,3/5/2015,11:48:42,126.97,26715472
AAPL,3/5/2015,11:48:12,126.97,26686746
AAPL,3/5/2015,11:47:42,126.97,26630320
AAPL,3/5/2015,11:47:12,126.95,26572734
AAPL,3/5/2015,11:46:42,126.99,26513144
AAPL,3/5/2015,11:46:12,126.99,26471868
AAPL,3/5/2015,11:45:42,126.96,26401926
AAPL,3/5/2015,11:45:12,126.95,26287486
AAPL,3/5/2015,11:44:42,126.86,26187344
AAPL,3/5/2015,11:44:12,126.86,26135818
AAPL,3/5/2015,11:43:42,126.9,26005696
AAPL,3/5/2015,11:43:13,126.9,25975348
AAPL,3/5/2015,11:42:42,126.86,25885478
AAPL,3/5/2015,11:42:12,126.86,25848380
AAPL,3/5/2015,11:41:42,126.89,25792894
AAPL,3/5/2015,11:41:12,126.9,25728616
AAPL,3/5/2015,11:40:42,126.84,25648126
AAPL,3/5/2015,11:40:15,126.82,25626954
AAPL,3/5/2015,11:39:42,126.76,25581174
AAPL,3/5/2015,11:39:12,126.75,25519192
AAPL,3/5/2015,11:38:43,126.83,25402048
AAPL,3/5/2015,11:38:12,126.87,25362394
AAPL,3/5/2015,11:37:42,126.81,25298816
AAPL,3/5/2015,11:37:12,126.8,25244630
AAPL,3/5/2015,11:36:42,126.81,25198432
AAPL,3/5/2015,11:36:12,126.85,25083412
AAPL,3/5/2015,11:35:42,126.78,25038526
AAPL,3/5/2015,11:35:12,126.9,24808754
AAPL,3/5/2015,11:34:42,126.89,24725106
AAPL,3/5/2015,11:34:12,126.84,24642002
AAPL,3/5/2015,11:33:42,126.88,24538022
AAPL,3/5/2015,11:33:12,126.82,24427828
AAPL,3/5/2015,11:32:42,126.8,24313524
AAPL,3/5/2015,11:32:12,126.73,24176784
AAPL,3/5/2015,11:31:42,126.75,24050316
AAPL,3/5/2015,11:31:12,126.65,23800702
AAPL,3/5/2015,11:30:42,126.65,23693488
AAPL,3/5/2015,11:30:12,126.61,23579968
AAPL,3/5/2015,11:29:42,126.48,23380236
AAPL,3/5/2015,11:29:12,126.48,23261500
AAPL,3/5/2015,11:28:42,126.46,23075940
AAPL,3/5/2015,11:28:12,126.47,22948808
AAPL,3/5/2015,11:27:42,126.4,22759080
AAPL,3/5/2015,11:27:12,126.56,22139576
AAPL,3/5/2015,11:26:42,126.55,22015452
AAPL,3/5/2015,11:26:12,126.61,21867044
AAPL,3/5/2015,11:25:42,126.66,21705206
AAPL,3/5/2015,11:25:13,126.65,21411188
AAPL,3/5/2015,11:24:42,126.76,21242182
AAPL,3/5/2015,11:24:12,126.75,21150756
AAPL,3/5/2015,11:23:42,126.75,21047748
AAPL,3/5/2015,11:23:15,126.8,20901008
AAPL,3/5/2015,11:22:42,126.76,20723480
AAPL,3/5/2015,11:22:12,126.81,20410212
AAPL,3/5/2015,11:21:42,126.9,20310880
AAPL,3/5/2015,11:21:12,126.93,20199272
AAPL,3/5/2015,11:20:42,126.93,20127484
AAPL,3/5/2015,11:20:12,126.94,20078708
AAPL,3/5/2015,11:19:42,127.01,19986168
AAPL,3/5/2015,11:19:13,126.94,19860840
AAPL,3/5/2015,11:18:42,126.96,19825380
AAPL,3/5/2015,11:18:12,126.99,19773812
AAPL,3/5/2015,11:17:43,127.01,19709582
AAPL,3/5/2015,11:17:12,126.98,19638092
AAPL,3/5/2015,11:16:42,127.01,19526778
AAPL,3/5/2015,11:16:13,127.15,19432826
AAPL,3/5/2015,11:15:42,126.97,19297048
AAPL,3/5/2015,11:15:12,127.11,18218164
AAPL,3/5/2015,11:14:42,127.13,18186404
AAPL,3/5/2015,11:14:13,127.11,18151454
AAPL,3/5/2015,11:13:42,127.16,18101412
AAPL,3/5/2015,11:13:13,127.15,18047204
AAPL,3/5/2015,11:12:42,127.13,17967496
AAPL,3/5/2015,11:12:12,127.11,17907936
AAPL,3/5/2015,11:11:42,127.08,17833856
AAPL,3/5/2015,11:11:13,127.12,17603552
AAPL,3/5/2015,11:10:42,127.21,17553536
AAPL,3/5/2015,11:10:12,127.11,17477618
AAPL,3/5/2015,11:09:47,127.15,17337564
AAPL,3/5/2015,11:09:13,127.16,17258272
AAPL,3/5/2015,11:08:43,127.2,17187658
AAPL,3/5/2015,11:08:12,127.27,17114088
AAPL,3/5/2015,11:07:42,127.3,17071512
AAPL,3/5/2015,11:07:12,127.29,17036408
AAPL,3/5/2015,11:06:42,127.33,17001444
AAPL,3/5/2015,11:06:12,127.3,16960864
AAPL,3/5/2015,11:05:42,127.37,16883832
AAPL,3/5/2015,11:05:12,127.36,16807480
AAPL,3/5/2015,11:04:42,127.27,16697995
AAPL,3/5/2015,11:04:12,127.27,16669042
AAPL,3/5/2015,11:03:42,127.31,16584296
AAPL,3/5/2015,11:03:12,127.25,16524389
AAPL,3/5/2015,11:02:42,127.23,16493990
AAPL,3/5/2015,11:02:13,127.19,16431416
AAPL,3/5/2015,11:01:42,127.2,16387129
AAPL,3/5/2015,11:01:12,127.24,16275548
AAPL,3/5/2015,11:00:43,127.28,16258824
AAPL,3/5/2015,11:00:12,127.22,16192273
AAPL,3/5/2015,10:59:42,127.19,16140587
AAPL,3/5/2015,10:59:12,127.21,16087364
AAPL,3/5/2015,10:58:42,127.16,16019359
AAPL,3/5/2015,10:58:16,127.2,15970262
AAPL,3/5/2015,10:57:42,127.3,15869650
AAPL,3/5/2015,10:57:12,127.24,15797770
AAPL,3/5/2015,10:56:42,127.16,15714470
AAPL,3/5/2015,10:56:12,127.14,15659749
AAPL,3/5/2015,10:55:42,127.18,15605762
AAPL,3/5/2015,10:55:12,127.14,15553880
AAPL,3/5/2015,10:54:42,127.13,15434582
AAPL,3/5/2015,10:54:12,127.17,15331902
AAPL,3/5/2015,10:53:42,127.23,15191768
AAPL,3/5/2015,10:53:12,127.22,15138460
AAPL,3/5/2015,10:52:42,127.23,15027439
AAPL,3/5/2015,10:52:13,127.3,14951171
AAPL,3/5/2015,10:51:42,127.26,14854206
AAPL,3/5/2015,10:51:12,127.34,14780278
AAPL,3/5/2015,10:50:42,127.38,14734314
AAPL,3/5/2015,10:50:12,127.41,14653408
AAPL,3/5/2015,10:49:42,127.48,14595988
AAPL,3/5/2015,10:49:12,127.49,14532324
AAPL,3/5/2015,10:48:42,127.44,14494732
AAPL,3/5/2015,10:48:12,127.46,14395627
AAPL,3/5/2015,10:47:42,127.46,14302680
AAPL,3/5/2015,10:47:12,127.43,14206137
AAPL,3/5/2015,10:46:42,127.41,14151084
AAPL,3/5/2015,10:46:12,127.4,14085453
AAPL,3/5/2015,10:45:42,127.33,13963179
AAPL,3/5/2015,10:45:12,127.24,13891981
AAPL,3/5/2015,10:44:42,127.22,13847856
AAPL,3/5/2015,10:44:12,127.33,13773775
AAPL,3/5/2015,10:43:42,127.32,13640135
AAPL,3/5/2015,10:43:12,127.12,13459608
AAPL,3/5/2015,10:42:43,127.1,13320241
AAPL,3/5/2015,10:42:12,127.15,13191320
AAPL,3/5/2015,10:41:42,127.18,12960371
AAPL,3/5/2015,10:41:12,127.19,12835997
AAPL,3/5/2015,10:40:42,127.13,12703693
AAPL,3/5/2015,10:40:12,127.13,12462019
AAPL,3/5/2015,10:39:42,127.26,12302293
AAPL,3/5/2015,10:39:12,127.27,12185897
AAPL,3/5/2015,10:38:42,127.29,12086219
AAPL,3/5/2015,10:38:12,127.32,11981814
AAPL,3/5/2015,10:37:42,127.25,11846683
AAPL,3/5/2015,10:37:12,127.32,11634112
AAPL,3/5/2015,10:36:42,127.43,11476383
AAPL,3/5/2015,10:36:12,127.45,11418790
AAPL,3/5/2015,10:35:42,127.58,11306544
AAPL,3/5/2015,10:35:12,127.57,11263403
AAPL,3/5/2015,10:34:42,127.61,11204646
AAPL,3/5/2015,10:34:12,127.62,11138632
AAPL,3/5/2015,10:33:42,127.68,11055279
AAPL,3/5/2015,10:33:12,127.58,10898292
AAPL,3/5/2015,10:32:42,127.51,10724481
AAPL,3/5/2015,10:32:12,127.43,10521003
AAPL,3/5/2015,10:31:42,127.53,10248367
AAPL,3/5/2015,10:31:12,127.57,10077645
AAPL,3/5/2015,10:30:42,127.67,9926422
AAPL,3/5/2015,10:30:12,127.66,9862865
AAPL,3/5/2015,10:29:42,127.74,9738155
AAPL,3/5/2015,10:29:12,127.74,9630721
AAPL,3/5/2015,10:28:42,127.76,9566069
AAPL,3/5/2015,10:28:12,127.86,9523665
AAPL,3/5/2015,10:27:42,127.77,9450246
AAPL,3/5/2015,10:27:12,127.79,9395871
AAPL,3/5/2015,10:26:42,127.77,9347156
AAPL,3/5/2015,10:26:12,127.91,9149407
AAPL,3/5/2015,10:25:42,127.94,9090296
AAPL,3/5/2015,10:25:12,127.92,9058545
AAPL,3/5/2015,10:24:42,127.9,9012309
AAPL,3/5/2015,10:24:12,127.95,8955054
AAPL,3/5/2015,10:23:42,127.93,8909726
AAPL,3/5/2015,10:23:12,127.9,8860510
AAPL,3/5/2015,10:22:42,127.91,8829992
AAPL,3/5/2015,10:22:12,127.87,8783985
AAPL,3/5/2015,10:21:42,127.9,8750440
AAPL,3/5/2015,10:21:12,127.85,8711123
AAPL,3/5/2015,10:20:42,127.94,8605093
AAPL,3/5/2015,10:20:12,127.96,8541506
AAPL,3/5/2015,10:19:42,127.89,8450204
AAPL,3/5/2015,10:19:12,127.86,8364768
AAPL,3/5/2015,10:18:42,127.78,8250251
AAPL,3/5/2015,10:18:12,127.75,8145750
AAPL,3/5/2015,10:17:42,127.72,7994036
AAPL,3/5/2015,10:17:12,127.78,7895485
AAPL,3/5/2015,10:16:42,127.77,7756683
AAPL,3/5/2015,10:16:12,127.75,7677157
AAPL,3/5/2015,10:15:42,127.8,7601651
AAPL,3/5/2015,10:15:12,127.79,7530370
AAPL,3/5/2015,10:14:43,127.77,7421812
AAPL,3/5/2015,10:14:12,127.83,7194447
AAPL,3/5/2015,10:13:43,127.85,7125171
AAPL,3/5/2015,10:13:12,127.85,7052312
AAPL,3/5/2015,10:12:42,127.94,6975159
AAPL,3/5/2015,10:12:12,127.97,6946938
AAPL,3/5/2015,10:11:42,127.93,6386953
AAPL,3/5/2015,10:11:12,127.97,6303529
AAPL,3/5/2015,10:10:42,128.04,6263371
AAPL,3/5/2015,10:10:12,127.93,6144331
AAPL,3/5/2015,10:09:42,127.9,5987299
AAPL,3/5/2015,10:09:12,127.94,5916138
AAPL,3/5/2015,10:08:42,127.91,5830653
AAPL,3/5/2015,10:08:12,128.08,5654505
AAPL,3/5/2015,10:07:42,128.08,5561016
AAPL,3/5/2015,10:07:12,128.04,5510899
AAPL,3/5/2015,10:06:43,128.01,5407514
AAPL,3/5/2015,10:06:12,128.05,5315418
AAPL,3/5/2015,10:05:42,128.04,5111944
AAPL,3/5/2015,10:05:12,128.2,4918389
AAPL,3/5/2015,10:04:42,128.21,4858379
AAPL,3/5/2015,10:04:13,128.27,4808160
AAPL,3/5/2015,10:03:42,128.28,4576706
AAPL,3/5/2015,10:03:12,128.25,4537358
AAPL,3/5/2015,10:02:42,128.24,4444121
AAPL,3/5/2015,10:02:12,128.28,4409130
AAPL,3/5/2015,10:01:42,128.27,4371289
AAPL,3/5/2015,10:01:12,128.25,4307001
AAPL,3/5/2015,10:00:42,128.3,4234424
AAPL,3/5/2015,10:00:13,128.23,4176157
AAPL,3/5/2015,9:59:42,128.22,4098761
AAPL,3/5/2015,9:59:12,128.25,4044428
AAPL,3/5/2015,9:58:42,128.29,3995971
AAPL,3/5/2015,9:58:12,128.17,3943019
AAPL,3/5/2015,9:57:42,128.18,3901738
AAPL,3/5/2015,9:57:12,128.21,3829348
AAPL,3/5/2015,9:56:42,128.16,3760946
AAPL,3/5/2015,9:56:12,128.31,3649290
AAPL,3/5/2015,9:55:42,128.32,3581469
AAPL,3/5/2015,9:55:12,128.38,3500456
AAPL,3/5/2015,9:54:42,128.15,3364233
AAPL,3/5/2015,9:54:12,128.06,3253420
AAPL,3/5/2015,9:53:42,128.08,3200711
AAPL,3/5/2015,9:53:13,128.06,3098000
AAPL,3/5/2015,9:52:43,128.12,3034413
AAPL,3/5/2015,9:52:12,128.09,2972188
AAPL,3/5/2015,9:51:42,128.04,2887416
AAPL,3/5/2015,9:51:12,128.05,2726860
AAPL,3/5/2015,9:50:42,127.95,2607874
AAPL,3/5/2015,9:50:12,127.95,2450250
AAPL,3/5/2015,9:49:43,128.15,1725670
AAPL,3/5/2015,9:49:12,128.31,1589935
AAPL,3/5/2015,9:48:42,128.3,1517018
AAPL,3/5/2015,9:48:12,128.34,1431234
AAPL,3/5/2015,9:47:43,128.29,1357934
AAPL,3/5/2015,9:47:12,128.25,1141692
AAPL,3/5/2015,9:46:42,128.51,932897
AAPL,3/5/2015,9:46:12,128.53,830326
AAPL,3/5/2015,9:45:42,128.73,669980
AAPL,3/5/2015,9:45:12,128.59,504275
AAPL,3/5/2015,9:44:43,128.54,112758
AAPL,3/5/2015,9:44:12,128.54,100913
AAPL,3/5/2015,9:43:42,128.54,100105
AAPL,3/5/2015,9:43:12,128.54,99903
AAPL,3/5/2015,9:42:42,128.54,98203
AAPL,3/5/2015,9:42:12,128.54,98203
AAPL,3/5/2015,9:41:42,128.54,96333
AAPL,3/5/2015,9:41:12,128.54,96333
AAPL,3/5/2015,9:40:42,128.54,96333
AAPL,3/5/2015,9:40:12,128.54,95933
AAPL,3/5/2015,9:39:42,128.54,94933
AAPL,3/5/2015,9:39:12,128.54,94798
AAPL,3/5/2015,9:38:43,128.54,94798
AAPL,3/5/2015,9:38:12,128.54,94798
AAPL,3/5/2015,9:37:42,128.54,94773
AAPL,3/5/2015,9:37:12,128.54,94381
AAPL,3/5/2015,9:36:42,128.54,94361
AAPL,3/5/2015,9:36:12,128.54,94351
AAPL,3/5/2015,9:35:42,128.54,93909
AAPL,3/5/2015,9:35:12,128.54,93909
AAPL,3/5/2015,9:34:42,128.54,93907
AAPL,3/5/2015,9:34:12,128.54,93707
AAPL,3/5/2015,9:33:42,128.54,93407
AAPL,3/5/2015,9:33:12,128.54,92482
AAPL,3/5/2015,9:32:42,128.54,92412
AAPL,3/5/2015,9:32:12,128.54,92412
AAPL,3/5/2015,9:31:42,128.54,92312
AAPL,3/5/2015,9:31:12,128.54,83604
AAPL,3/5/2015,9:30:42,128.54,82288
AAPL,3/5/2015,9:30:12,128.54,82288
AAPL,3/5/2015,9:29:42,128.54,82288
AAPL,3/5/2015,9:29:12,128.54,82288
AAPL,3/5/2015,9:28:42,128.54,82188
AAPL,3/5/2015,9:28:12,128.54,80988
AAPL,3/5/2015,9:27:42,128.54,79201
AAPL,3/5/2015,9:27:13,128.54,78485
AAPL,3/5/2015,9:26:42,128.54,78385
AAPL,3/5/2015,9:26:12,128.54,77835
AAPL,3/5/2015,9:25:42,128.54,77285
AAPL,3/5/2015,9:25:12,128.54,76264
AAPL,3/5/2015,9:24:42,128.54,75264
AAPL,3/5/2015,9:24:12,128.54,73809
AAPL,3/5/2015,9:23:43,128.54,72008
AAPL,3/5/2015,9:23:12,128.54,68808
AAPL,3/5/2015,9:22:42,128.54,68808
AAPL,3/5/2015,9:22:14,128.54,68608
AAPL,3/5/2015,9:21:42,128.54,68608
AAPL,3/5/2015,9:21:12,128.54,68508
AAPL,3/5/2015,9:20:42,128.54,67508
AAPL,3/5/2015,9:20:12,128.54,67433
AAPL,3/5/2015,9:19:42,128.54,66891
AAPL,3/5/2015,9:19:12,128.54,64378
AAPL,3/5/2015,9:18:42,128.54,64238
AAPL,3/5/2015,9:18:12,128.54,63208
AAPL,3/5/2015,9:17:43,128.54,61494
AAPL,3/5/2015,9:17:12,128.54,61494
AAPL,3/5/2015,9:16:42,128.54,61494
AAPL,3/5/2015,9:16:12,128.54,61494
AAPL,3/5/2015,9:15:42,128.54,59489
AAPL,3/5/2015,9:15:12,128.54,59489
AAPL,3/5/2015,9:14:42,128.54,59459
AAPL,3/5/2015,9:14:12,128.54,58904
AAPL,3/5/2015,9:13:42,128.54,58878
AAPL,3/5/2015,9:13:12,128.54,58578
AAPL,3/5/2015,9:12:42,128.54,58378
AAPL,3/5/2015,9:12:12,128.54,57353
AAPL,3/5/2015,9:11:42,128.54,56492
AAPL,3/5/2015,9:11:12,128.54,56392
AAPL,3/5/2015,9:10:42,128.54,55192
AAPL,3/5/2015,9:10:12,128.54,53692
AAPL,3/5/2015,9:09:42,128.54,35271
AAPL,3/5/2015,9:09:12,128.54,35271
AAPL,3/5/2015,9:08:42,128.54,34421
AAPL,3/5/2015,9:08:12,128.54,33571
AAPL,3/5/2015,9:07:42,128.54,32571
AAPL,3/5/2015,9:07:12,128.54,31228
AAPL,3/5/2015,9:06:42,128.54,30896
AAPL,3/5/2015,9:06:12,128.54,29744
AAPL,3/5/2015,9:05:42,128.54,27227
AAPL,3/5/2015,9:05:12,128.54,24977
AAPL,3/5/2015,9:04:42,128.54,24577
AAPL,3/5/2015,9:04:12,128.54,23861
AAPL,3/5/2015,9:03:42,128.54,23491
AAPL,3/5/2015,9:03:12,128.54,22511
AAPL,3/5/2015,9:02:42,128.54,1991
AAPL,3/5/2015,9:02:14,128.54,1991
AAPL,3/5/2015,9:01:42,128.54,755
AAPL,3/5/2015,9:01:12,128.54,155
AAPL,3/5/2015,9:00:42,128.54,31845852
AAPL,3/5/2015,9:00:12,128.54,31845852
AAPL,3/5/2015,8:59:42,128.54,31843736
AAPL,3/5/2015,8:59:12,128.54,31843536
AAPL,3/5/2015,8:58:42,128.54,31842136
AAPL,3/5/2015,8:58:12,128.54,31842124
AAPL,3/5/2015,8:57:42,128.54,31842124
AAPL,3/5/2015,8:57:12,128.54,31839972
AAPL,3/5/2015,8:56:42,128.54,31839820
AAPL,3/5/2015,8:56:12,128.54,31839820
AAPL,3/5/2015,8:55:43,128.54,31839820
AAPL,3/5/2015,8:55:12,128.54,31839120
AAPL,3/5/2015,8:54:42,128.54,31838868
AAPL,3/5/2015,8:54:12,128.54,31838668
AAPL,3/5/2015,8:53:42,128.54,31836188
AAPL,3/5/2015,8:53:12,128.54,31836104
AAPL,3/5/2015,8:52:42,128.54,31836054
