symbol,date,time,price,volume
YHOO,3/5/2015,20:47:42,44.16,11867708
YHOO,3/5/2015,20:47:13,44.16,11867708
YHOO,3/5/2015,20:46:42,44.16,11867708
YHOO,3/5/2015,20:46:12,44.16,11867708
YHOO,3/5/2015,20:45:42,44.16,11867708
YHOO,3/5/2015,20:45:12,44.16,11867708
YHOO,3/5/2015,20:44:42,44.16,11867708
YHOO,3/5/2015,20:44:12,44.16,11867708
YHOO,3/5/2015,20:43:42,44.16,11867708
YHOO,3/5/2015,20:43:12,44.16,11867708
YHOO,3/5/2015,20:42:43,44.16,11867708
YHOO,3/5/2015,20:42:12,44.16,11867708
YHOO,3/5/2015,20:41:43,44.16,11867708
YHOO,3/5/2015,20:41:12,44.16,11867708
YHOO,3/5/2015,20:40:42,44.16,11867708
YHOO,3/5/2015,20:40:12,44.16,11867708
YHOO,3/5/2015,20:39:42,44.16,11867708
YHOO,3/5/2015,20:39:12,44.16,11867708
YHOO,3/5/2015,20:38:42,44.16,11867708
YHOO,3/5/2015,20:38:12,44.16,11867708
YHOO,3/5/2015,20:37:42,44.16,11867708
YHOO,3/5/2015,20:37:12,44.16,11867708
YHOO,3/5/2015,20:36:42,44.16,11867708
YHOO,3/5/2015,20:36:12,44.16,11867708
YHOO,3/5/2015,20:35:42,44.16,11867708
YHOO,3/5/2015,20:35:12,44.16,11867708
YHOO,3/5/2015,20:34:42,44.16,11867708
YHOO,3/5/2015,20:34:15,44.16,11867708
YHOO,3/5/2015,20:33:42,44.16,11867708
YHOO,3/5/2015,20:33:12,44.16,11867708
YHOO,3/5/2015,20:32:42,44.16,11867708
YHOO,3/5/2015,20:32:12,44.16,11867708
YHOO,3/5/2015,20:31:43,44.16,11867708
YHOO,3/5/2015,20:31:12,44.16,11867708
YHOO,3/5/2015,20:30:42,44.16,11867708
YHOO,3/5/2015,20:30:12,44.16,11867708
YHOO,3/5/2015,20:29:42,44.16,11867708
YHOO,3/5/2015,20:29:12,44.16,11867708
YHOO,3/5/2015,20:28:42,44.16,11867708
YHOO,3/5/2015,20:28:12,44.16,11867708
YHOO,3/5/2015,20:27:42,44.16,11867708
YHOO,3/5/2015,20:27:12,44.16,11867708
YHOO,3/5/2015,20:26:42,44.16,11867708
YHOO,3/5/2015,20:26:12,44.16,11867708
YHOO,3/5/2015,20:25:42,44.16,11867708
YHOO,3/5/2015,20:25:12,44.16,11867708
YHOO,3/5/2015,20:24:42,44.16,11867708
YHOO,3/5/2015,20:24:12,44.16,11867708
YHOO,3/5/2015,20:23:42,44.16,11867708
YHOO,3/5/2015,20:23:12,44.16,11867708
YHOO,3/5/2015,20:22:42,44.16,11867708
YHOO,3/5/2015,20:22:12,44.16,11867708
YHOO,3/5/2015,20:21:42,44.16,11867708
YHOO,3/5/2015,20:21:12,44.16,11867708
YHOO,3/5/2015,20:20:42,44.16,11867708
YHOO,3/5/2015,20:20:12,44.16,11867708
YHOO,3/5/2015,20:19:42,44.16,11867708
YHOO,3/5/2015,20:19:12,44.16,11867708
YHOO,3/5/2015,20:18:42,44.16,11867708
YHOO,3/5/2015,20:18:12,44.16,11867708
YHOO,3/5/2015,20:17:43,44.16,11867708
YHOO,3/5/2015,20:17:12,44.16,11867708
YHOO,3/5/2015,20:16:42,44.16,11867708
YHOO,3/5/2015,20:16:12,44.16,11867708
YHOO,3/5/2015,20:15:42,44.16,11867708
YHOO,3/5/2015,20:15:12,44.16,11867708
YHOO,3/5/2015,20:14:42,44.16,11867708
YHOO,3/5/2015,20:14:12,44.16,11867708
YHOO,3/5/2015,20:13:42,44.16,11867708
YHOO,3/5/2015,20:13:12,44.16,11867708
YHOO,3/5/2015,20:12:42,44.16,11867708
YHOO,3/5/2015,20:12:12,44.16,11867708
YHOO,3/5/2015,20:11:42,44.16,11867708
YHOO,3/5/2015,20:11:12,44.16,11867708
YHOO,3/5/2015,20:10:42,44.16,11867708
YHOO,3/5/2015,20:10:12,44.16,11867708
YHOO,3/5/2015,20:09:42,44.16,11867708
YHOO,3/5/2015,20:09:12,44.16,11867708
YHOO,3/5/2015,20:08:42,44.16,11867708
YHOO,3/5/2015,20:08:12,44.16,11867708
YHOO,3/5/2015,20:07:42,44.16,11867708
YHOO,3/5/2015,20:07:12,44.16,11867708
YHOO,3/5/2015,20:06:42,44.16,11867708
YHOO,3/5/2015,20:06:12,44.16,11867708
YHOO,3/5/2015,20:05:42,44.16,11867708
YHOO,3/5/2015,20:05:12,44.16,11867708
YHOO,3/5/2015,20:04:42,44.16,11867708
YHOO,3/5/2015,20:04:13,44.16,11867708
YHOO,3/5/2015,20:03:42,44.16,11867708
YHOO,3/5/2015,20:03:13,44.16,11867708
YHOO,3/5/2015,20:02:42,44.16,11867708
YHOO,3/5/2015,20:02:15,44.16,11867708
YHOO,3/5/2015,20:01:42,44.16,11867708
YHOO,3/5/2015,20:01:13,44.16,11867708
YHOO,3/5/2015,20:00:43,44.16,11867708
YHOO,3/5/2015,20:00:16,44.16,11867708
YHOO,3/5/2015,19:59:42,44.16,11867708
YHOO,3/5/2015,19:59:12,44.16,11867708
YHOO,3/5/2015,19:58:42,44.16,11867708
YHOO,3/5/2015,19:58:12,44.16,11867708
YHOO,3/5/2015,19:57:42,44.16,11867708
YHOO,3/5/2015,19:57:13,44.16,11867708
YHOO,3/5/2015,19:56:42,44.16,11867708
YHOO,3/5/2015,19:56:12,44.16,11867708
YHOO,3/5/2015,19:55:42,44.16,11867708
YHOO,3/5/2015,19:55:12,44.16,11867708
YHOO,3/5/2015,19:54:42,44.16,11867708
YHOO,3/5/2015,19:54:12,44.16,11867708
YHOO,3/5/2015,19:53:43,44.16,11867708
YHOO,3/5/2015,19:53:12,44.16,11867708
YHOO,3/5/2015,19:52:42,44.16,11867708
YHOO,3/5/2015,19:52:12,44.16,11867708
YHOO,3/5/2015,19:51:42,44.16,11867708
YHOO,3/5/2015,19:51:12,44.16,11867708
YHOO,3/5/2015,19:50:42,44.16,11867708
YHOO,3/5/2015,19:50:12,44.16,11867708
YHOO,3/5/2015,19:49:42,44.16,11867708
YHOO,3/5/2015,19:49:12,44.16,11867708
YHOO,3/5/2015,19:48:42,44.16,11867708
YHOO,3/5/2015,19:48:12,44.16,11867708
YHOO,3/5/2015,19:47:42,44.16,11867708
YHOO,3/5/2015,19:47:12,44.16,11867708
YHOO,3/5/2015,19:46:43,44.16,11867708
YHOO,3/5/2015,19:46:12,44.16,11867708
YHOO,3/5/2015,19:45:42,44.16,11867708
YHOO,3/5/2015,19:45:12,44.16,11867708
YHOO,3/5/2015,19:44:43,44.16,11867708
YHOO,3/5/2015,19:44:12,44.16,11867208
YHOO,3/5/2015,19:43:43,44.16,11867208
YHOO,3/5/2015,19:43:12,44.16,11867208
YHOO,3/5/2015,19:42:42,44.16,11867208
YHOO,3/5/2015,19:42:13,44.16,11867208
YHOO,3/5/2015,19:41:42,44.16,11867208
YHOO,3/5/2015,19:41:12,44.16,11867208
YHOO,3/5/2015,19:40:42,44.16,11867208
YHOO,3/5/2015,19:40:12,44.16,11867208
YHOO,3/5/2015,19:39:42,44.16,11867208
YHOO,3/5/2015,19:39:12,44.16,11867208
YHOO,3/5/2015,19:38:42,44.16,11867208
YHOO,3/5/2015,19:38:12,44.16,11867208
YHOO,3/5/2015,19:37:42,44.16,11867208
YHOO,3/5/2015,19:37:12,44.16,11867208
YHOO,3/5/2015,19:36:42,44.16,11867208
YHOO,3/5/2015,19:36:12,44.16,11867208
YHOO,3/5/2015,19:35:42,44.16,11867208
YHOO,3/5/2015,19:35:12,44.16,11867208
YHOO,3/5/2015,19:34:42,44.16,11867208
YHOO,3/5/2015,19:34:12,44.16,11867208
YHOO,3/5/2015,19:33:42,44.16,11867208
YHOO,3/5/2015,19:33:12,44.16,11867208
YHOO,3/5/2015,19:32:42,44.16,11867208
YHOO,3/5/2015,19:32:12,44.16,11867208
YHOO,3/5/2015,19:31:42,44.16,11867208
YHOO,3/5/2015,19:31:12,44.16,11867208
YHOO,3/5/2015,19:30:42,44.16,11867208
YHOO,3/5/2015,19:30:12,44.16,11867208
YHOO,3/5/2015,19:29:42,44.16,11867208
YHOO,3/5/2015,19:29:13,44.16,11867208
YHOO,3/5/2015,19:28:42,44.16,11867208
YHOO,3/5/2015,19:28:12,44.16,11867208
YHOO,3/5/2015,19:27:42,44.16,11867208
YHOO,3/5/2015,19:27:12,44.16,11867208
YHOO,3/5/2015,19:26:42,44.16,11867208
YHOO,3/5/2015,19:26:12,44.16,11867208
YHOO,3/5/2015,19:25:42,44.16,11867208
YHOO,3/5/2015,19:25:13,44.16,11867208
YHOO,3/5/2015,19:24:42,44.16,11867208
YHOO,3/5/2015,19:24:12,44.16,11866958
YHOO,3/5/2015,19:23:42,44.16,11866958
YHOO,3/5/2015,19:23:12,44.16,11866958
YHOO,3/5/2015,19:22:42,44.16,11866958
YHOO,3/5/2015,19:22:12,44.16,11866958
YHOO,3/5/2015,19:21:42,44.16,11866958
YHOO,3/5/2015,19:21:12,44.16,11866958
YHOO,3/5/2015,19:20:42,44.16,11866958
YHOO,3/5/2015,19:20:12,44.16,11866958
YHOO,3/5/2015,19:19:42,44.16,11866458
YHOO,3/5/2015,19:19:12,44.16,11866458
YHOO,3/5/2015,19:18:42,44.16,11866458
YHOO,3/5/2015,19:18:12,44.16,11866458
YHOO,3/5/2015,19:17:42,44.16,11866458
YHOO,3/5/2015,19:17:12,44.16,11866458
YHOO,3/5/2015,19:16:42,44.16,11866458
YHOO,3/5/2015,19:16:12,44.16,11866458
YHOO,3/5/2015,19:15:42,44.16,11866458
YHOO,3/5/2015,19:15:12,44.16,11866458
YHOO,3/5/2015,19:14:42,44.16,11866458
YHOO,3/5/2015,19:14:12,44.16,11866458
YHOO,3/5/2015,19:13:42,44.16,11866458
YHOO,3/5/2015,19:13:12,44.16,11866458
YHOO,3/5/2015,19:12:42,44.16,11866458
YHOO,3/5/2015,19:12:12,44.16,11866458
YHOO,3/5/2015,19:11:42,44.16,11866458
YHOO,3/5/2015,19:11:12,44.16,11866458
YHOO,3/5/2015,19:10:42,44.16,11866458
YHOO,3/5/2015,19:10:12,44.16,11866458
YHOO,3/5/2015,19:09:43,44.16,11866458
YHOO,3/5/2015,19:09:12,44.16,11866458
YHOO,3/5/2015,19:08:43,44.16,11866458
YHOO,3/5/2015,19:08:12,44.16,11866458
YHOO,3/5/2015,19:07:42,44.16,11866458
YHOO,3/5/2015,19:07:12,44.16,11866393
YHOO,3/5/2015,19:06:42,44.16,11866393
YHOO,3/5/2015,19:06:12,44.16,11866393
YHOO,3/5/2015,19:05:42,44.16,11866393
YHOO,3/5/2015,19:05:12,44.16,11866393
YHOO,3/5/2015,19:04:42,44.16,11866393
YHOO,3/5/2015,19:04:12,44.16,11866393
YHOO,3/5/2015,19:03:42,44.16,11866393
YHOO,3/5/2015,19:03:12,44.16,11866393
YHOO,3/5/2015,19:02:42,44.16,11866393
YHOO,3/5/2015,19:02:12,44.16,11866393
YHOO,3/5/2015,19:01:42,44.16,11866393
YHOO,3/5/2015,19:01:12,44.16,11866393
YHOO,3/5/2015,19:00:42,44.16,11866393
YHOO,3/5/2015,19:00:12,44.16,11866393
YHOO,3/5/2015,18:59:42,44.16,11866393
YHOO,3/5/2015,18:59:12,44.16,11866393
YHOO,3/5/2015,18:58:42,44.16,11866393
YHOO,3/5/2015,18:58:12,44.16,11866393
YHOO,3/5/2015,18:57:42,44.16,11866393
YHOO,3/5/2015,18:57:12,44.16,11866393
YHOO,3/5/2015,18:56:42,44.16,11866393
YHOO,3/5/2015,18:56:12,44.16,11866393
YHOO,3/5/2015,18:55:42,44.16,11866393
YHOO,3/5/2015,18:55:12,44.16,11866393
YHOO,3/5/2015,18:54:42,44.16,11866393
YHOO,3/5/2015,18:54:12,44.16,11866393
YHOO,3/5/2015,18:53:42,44.16,11866393
YHOO,3/5/2015,18:53:12,44.16,11866393
YHOO,3/5/2015,18:52:42,44.16,11866393
YHOO,3/5/2015,18:52:12,44.16,11866393
YHOO,3/5/2015,18:51:42,44.16,11866393
YHOO,3/5/2015,18:51:12,44.16,11866393
YHOO,3/5/2015,18:50:42,44.16,11866393
YHOO,3/5/2015,18:50:12,44.16,11866393
YHOO,3/5/2015,18:49:42,44.16,11866393
YHOO,3/5/2015,18:49:12,44.16,11866393
YHOO,3/5/2015,18:48:42,44.16,11866393
YHOO,3/5/2015,18:48:12,44.16,11866393
YHOO,3/5/2015,18:47:42,44.16,11866393
YHOO,3/5/2015,18:47:12,44.16,11866358
YHOO,3/5/2015,18:46:42,44.16,11866358
YHOO,3/5/2015,18:46:12,44.16,11866358
YHOO,3/5/2015,18:45:42,44.16,11866358
YHOO,3/5/2015,18:45:12,44.16,11866358
YHOO,3/5/2015,18:44:42,44.16,11866358
YHOO,3/5/2015,18:44:12,44.16,11866358
YHOO,3/5/2015,18:43:42,44.16,11866358
YHOO,3/5/2015,18:43:12,44.16,11866358
YHOO,3/5/2015,18:42:42,44.16,11866358
YHOO,3/5/2015,18:42:12,44.16,11866358
YHOO,3/5/2015,18:41:42,44.16,11866358
YHOO,3/5/2015,18:41:12,44.16,11866358
YHOO,3/5/2015,18:40:43,44.16,11866358
YHOO,3/5/2015,18:40:12,44.16,11866358
YHOO,3/5/2015,18:39:42,44.16,11866358
YHOO,3/5/2015,18:39:12,44.16,11866358
YHOO,3/5/2015,18:38:42,44.16,11866358
YHOO,3/5/2015,18:38:14,44.16,11866358
YHOO,3/5/2015,18:37:42,44.16,11866358
YHOO,3/5/2015,18:37:12,44.16,11866358
YHOO,3/5/2015,18:36:42,44.16,11866358
YHOO,3/5/2015,18:36:12,44.16,11866358
YHOO,3/5/2015,18:35:42,44.16,11866358
YHOO,3/5/2015,18:35:12,44.16,11866358
YHOO,3/5/2015,18:34:42,44.16,11866358
YHOO,3/5/2015,18:34:13,44.16,11866158
YHOO,3/5/2015,18:33:43,44.16,11866158
YHOO,3/5/2015,18:33:12,44.16,11866158
YHOO,3/5/2015,18:32:42,44.16,11866158
YHOO,3/5/2015,18:32:12,44.16,11866158
YHOO,3/5/2015,18:31:42,44.16,11866158
YHOO,3/5/2015,18:31:15,44.16,11866158
YHOO,3/5/2015,18:30:42,44.16,11866158
YHOO,3/5/2015,18:30:12,44.16,11866158
YHOO,3/5/2015,18:29:42,44.16,11866158
YHOO,3/5/2015,18:29:12,44.16,11866158
YHOO,3/5/2015,18:28:43,44.16,11866158
YHOO,3/5/2015,18:28:12,44.16,11866158
YHOO,3/5/2015,18:27:42,44.16,11866158
YHOO,3/5/2015,18:27:12,44.16,11866158
YHOO,3/5/2015,18:26:42,44.16,11866158
YHOO,3/5/2015,18:26:12,44.16,11866158
YHOO,3/5/2015,18:25:42,44.16,11866158
YHOO,3/5/2015,18:25:12,44.16,11866158
YHOO,3/5/2015,18:24:43,44.16,11866158
YHOO,3/5/2015,18:24:12,44.16,11866158
YHOO,3/5/2015,18:23:46,44.16,11866158
YHOO,3/5/2015,18:23:12,44.16,11866158
YHOO,3/5/2015,18:22:42,44.16,11866158
YHOO,3/5/2015,18:22:12,44.16,11866158
YHOO,3/5/2015,18:21:42,44.16,11866158
YHOO,3/5/2015,18:21:12,44.16,11866158
YHOO,3/5/2015,18:20:42,44.16,11866158
YHOO,3/5/2015,18:20:12,44.16,11866158
YHOO,3/5/2015,18:19:42,44.16,11866158
YHOO,3/5/2015,18:19:12,44.16,11866158
YHOO,3/5/2015,18:18:42,44.16,11866158
YHOO,3/5/2015,18:18:12,44.16,11866158
YHOO,3/5/2015,18:17:42,44.16,11866158
YHOO,3/5/2015,18:17:12,44.16,11866158
YHOO,3/5/2015,18:16:42,44.16,11866158
YHOO,3/5/2015,18:16:12,44.16,11866158
YHOO,3/5/2015,18:15:42,44.16,11866158
YHOO,3/5/2015,18:15:12,44.16,11866158
YHOO,3/5/2015,18:14:42,44.16,11866158
YHOO,3/5/2015,18:14:12,44.16,11866158
YHOO,3/5/2015,18:13:42,44.16,11866158
YHOO,3/5/2015,18:13:12,44.16,11866158
YHOO,3/5/2015,18:12:42,44.16,11866158
YHOO,3/5/2015,18:12:12,44.16,11866158
YHOO,3/5/2015,18:11:42,44.16,11866158
YHOO,3/5/2015,18:11:12,44.16,11866158
YHOO,3/5/2015,18:10:42,44.16,11866158
YHOO,3/5/2015,18:10:12,44.16,11866158
YHOO,3/5/2015,18:09:42,44.16,11866158
YHOO,3/5/2015,18:09:12,44.16,11866158
YHOO,3/5/2015,18:08:43,44.16,11866158
YHOO,3/5/2015,18:08:12,44.16,11866158
YHOO,3/5/2015,18:07:42,44.16,11866158
YHOO,3/5/2015,18:07:12,44.16,11866158
YHOO,3/5/2015,18:06:42,44.16,11866158
YHOO,3/5/2015,18:06:13,44.16,11866158
YHOO,3/5/2015,18:05:42,44.16,11866158
YHOO,3/5/2015,18:05:12,44.16,11866158
YHOO,3/5/2015,18:04:42,44.16,11866158
YHOO,3/5/2015,18:04:12,44.16,11866158
YHOO,3/5/2015,18:03:42,44.16,11866158
YHOO,3/5/2015,18:03:12,44.16,11866158
YHOO,3/5/2015,18:02:42,44.16,11866158
YHOO,3/5/2015,18:02:12,44.16,11866158
YHOO,3/5/2015,18:01:42,44.16,11866158
YHOO,3/5/2015,18:01:12,44.16,11866158
YHOO,3/5/2015,18:00:42,44.16,11866158
YHOO,3/5/2015,18:00:13,44.16,11866158
YHOO,3/5/2015,17:59:42,44.16,11866158
YHOO,3/5/2015,17:59:14,44.16,11866158
YHOO,3/5/2015,17:58:42,44.16,11866158
YHOO,3/5/2015,17:58:12,44.16,11866158
YHOO,3/5/2015,17:57:42,44.16,11866158
YHOO,3/5/2015,17:57:12,44.16,11866158
YHOO,3/5/2015,17:56:42,44.16,11866158
YHOO,3/5/2015,17:56:12,44.16,11866158
YHOO,3/5/2015,17:55:42,44.16,11866158
YHOO,3/5/2015,17:55:12,44.16,11866158
YHOO,3/5/2015,17:54:42,44.16,11866158
YHOO,3/5/2015,17:54:12,44.16,11866158
YHOO,3/5/2015,17:53:42,44.16,11865508
YHOO,3/5/2015,17:53:12,44.16,11865508
YHOO,3/5/2015,17:52:42,44.16,11865508
YHOO,3/5/2015,17:52:13,44.16,11865508
YHOO,3/5/2015,17:51:42,44.16,11865508
YHOO,3/5/2015,17:51:12,44.16,11865508
YHOO,3/5/2015,17:50:42,44.16,11865508
YHOO,3/5/2015,17:50:12,44.16,11865508
YHOO,3/5/2015,17:49:42,44.16,11865508
YHOO,3/5/2015,17:49:12,44.16,11865508
YHOO,3/5/2015,17:48:42,44.16,11865508
YHOO,3/5/2015,17:48:12,44.16,11865508
YHOO,3/5/2015,17:47:42,44.16,11865508
YHOO,3/5/2015,17:47:12,44.16,11865508
YHOO,3/5/2015,17:46:42,44.16,11865508
YHOO,3/5/2015,17:46:12,44.16,11865308
YHOO,3/5/2015,17:45:42,44.16,11865308
YHOO,3/5/2015,17:45:12,44.16,11865308
YHOO,3/5/2015,17:44:42,44.16,11865308
YHOO,3/5/2015,17:44:12,44.16,11865308
YHOO,3/5/2015,17:43:42,44.16,11865308
YHOO,3/5/2015,17:43:12,44.16,11865308
YHOO,3/5/2015,17:42:42,44.16,11865308
YHOO,3/5/2015,17:42:12,44.16,11865308
YHOO,3/5/2015,17:41:42,44.16,11865308
YHOO,3/5/2015,17:41:12,44.16,11865308
YHOO,3/5/2015,17:40:42,44.16,11865308
YHOO,3/5/2015,17:40:12,44.16,11865308
YHOO,3/5/2015,17:39:42,44.16,11865308
YHOO,3/5/2015,17:39:12,44.16,11865308
YHOO,3/5/2015,17:38:42,44.16,11865308
YHOO,3/5/2015,17:38:12,44.16,11865308
YHOO,3/5/2015,17:37:42,44.16,11865308
YHOO,3/5/2015,17:37:12,44.16,11865308
YHOO,3/5/2015,17:36:43,44.16,11865308
YHOO,3/5/2015,17:36:12,44.16,11865308
YHOO,3/5/2015,17:35:42,44.16,11865308
YHOO,3/5/2015,17:35:12,44.16,11865308
YHOO,3/5/2015,17:34:42,44.16,11865308
YHOO,3/5/2015,17:34:12,44.16,11865308
YHOO,3/5/2015,17:33:42,44.16,11865308
YHOO,3/5/2015,17:33:13,44.16,11865308
YHOO,3/5/2015,17:32:42,44.16,11865308
YHOO,3/5/2015,17:32:12,44.16,11865308
YHOO,3/5/2015,17:31:42,44.16,11865308
YHOO,3/5/2015,17:31:12,44.16,11865308
YHOO,3/5/2015,17:30:42,44.16,11865308
YHOO,3/5/2015,17:30:12,44.16,11865308
YHOO,3/5/2015,17:29:42,44.16,11865308
YHOO,3/5/2015,17:29:12,44.16,11865308
YHOO,3/5/2015,17:28:42,44.16,11865308
YHOO,3/5/2015,17:28:12,44.16,11865308
YHOO,3/5/2015,17:27:42,44.16,11865308
YHOO,3/5/2015,17:27:12,44.16,11865308
YHOO,3/5/2015,17:26:42,44.16,11865308
YHOO,3/5/2015,17:26:13,44.16,11865308
YHOO,3/5/2015,17:25:42,44.16,11865308
YHOO,3/5/2015,17:25:12,44.16,11865308
YHOO,3/5/2015,17:24:42,44.16,11865308
YHOO,3/5/2015,17:24:12,44.16,11865308
YHOO,3/5/2015,17:23:42,44.16,11865308
YHOO,3/5/2015,17:23:12,44.16,11865308
YHOO,3/5/2015,17:22:42,44.16,11865308
YHOO,3/5/2015,17:22:12,44.16,11865308
YHOO,3/5/2015,17:21:42,44.16,11865308
YHOO,3/5/2015,17:21:12,44.16,11865308
YHOO,3/5/2015,17:20:42,44.16,11865308
YHOO,3/5/2015,17:20:12,44.16,11865308
YHOO,3/5/2015,17:19:42,44.16,11865308
YHOO,3/5/2015,17:19:12,44.16,11865308
YHOO,3/5/2015,17:18:42,44.16,11865308
YHOO,3/5/2015,17:18:12,44.16,11865308
YHOO,3/5/2015,17:17:42,44.16,11865308
YHOO,3/5/2015,17:17:12,44.16,11865308
YHOO,3/5/2015,17:16:42,44.16,11865308
YHOO,3/5/2015,17:16:12,44.16,11865308
YHOO,3/5/2015,17:15:42,44.16,11865308
YHOO,3/5/2015,17:15:13,44.16,11865308
YHOO,3/5/2015,17:14:42,44.16,11865308
YHOO,3/5/2015,17:14:12,44.16,11865308
YHOO,3/5/2015,17:13:42,44.16,11865308
YHOO,3/5/2015,17:13:12,44.16,11865308
YHOO,3/5/2015,17:12:42,44.16,11865308
YHOO,3/5/2015,17:12:12,44.16,11864688
YHOO,3/5/2015,17:11:42,44.16,11864248
YHOO,3/5/2015,17:11:12,44.16,11864248
YHOO,3/5/2015,17:10:42,44.16,11864248
YHOO,3/5/2015,17:10:12,44.16,11864248
YHOO,3/5/2015,17:09:42,44.16,11864248
YHOO,3/5/2015,17:09:12,44.16,11864248
YHOO,3/5/2015,17:08:42,44.16,11864248
YHOO,3/5/2015,17:08:13,44.16,11864248
YHOO,3/5/2015,17:07:42,44.16,11864248
YHOO,3/5/2015,17:07:12,44.16,11864098
YHOO,3/5/2015,17:06:42,44.16,11864098
YHOO,3/5/2015,17:06:12,44.16,11864098
YHOO,3/5/2015,17:05:42,44.16,11864098
YHOO,3/5/2015,17:05:12,44.16,11864098
YHOO,3/5/2015,17:04:42,44.16,11864098
YHOO,3/5/2015,17:04:12,44.16,11864098
YHOO,3/5/2015,17:03:43,44.16,11864098
YHOO,3/5/2015,17:03:12,44.16,11864098
YHOO,3/5/2015,17:02:42,44.16,11864098
YHOO,3/5/2015,17:02:12,44.16,11864098
YHOO,3/5/2015,17:01:42,44.16,11864098
YHOO,3/5/2015,17:01:12,44.16,11864098
YHOO,3/5/2015,17:00:42,44.16,11864098
YHOO,3/5/2015,17:00:12,44.16,11864098
YHOO,3/5/2015,16:59:42,44.16,11864098
YHOO,3/5/2015,16:59:13,44.16,11864098
YHOO,3/5/2015,16:58:42,44.16,11864098
YHOO,3/5/2015,16:58:12,44.16,11864098
YHOO,3/5/2015,16:57:42,44.16,11864098
YHOO,3/5/2015,16:57:12,44.16,11864098
YHOO,3/5/2015,16:56:42,44.16,11864098
YHOO,3/5/2015,16:56:12,44.16,11864098
YHOO,3/5/2015,16:55:42,44.16,11860306
YHOO,3/5/2015,16:55:12,44.16,11860306
YHOO,3/5/2015,16:54:42,44.16,11860306
YHOO,3/5/2015,16:54:12,44.16,11860306
YHOO,3/5/2015,16:53:42,44.16,11860306
YHOO,3/5/2015,16:53:12,44.16,11860306
YHOO,3/5/2015,16:52:42,44.16,11860306
YHOO,3/5/2015,16:52:12,44.16,11860306
YHOO,3/5/2015,16:51:42,44.16,11860306
YHOO,3/5/2015,16:51:12,44.16,11860306
YHOO,3/5/2015,16:50:42,44.16,11860306
YHOO,3/5/2015,16:50:12,44.16,11860306
YHOO,3/5/2015,16:49:42,44.16,11860306
YHOO,3/5/2015,16:49:12,44.16,11860306
YHOO,3/5/2015,16:48:44,44.16,11860306
YHOO,3/5/2015,16:48:12,44.16,11860306
YHOO,3/5/2015,16:47:42,44.16,11860306
YHOO,3/5/2015,16:47:12,44.16,11859986
YHOO,3/5/2015,16:46:42,44.16,11859986
YHOO,3/5/2015,16:46:12,44.16,11859986
YHOO,3/5/2015,16:45:45,44.16,11859986
YHOO,3/5/2015,16:45:12,44.16,11859986
YHOO,3/5/2015,16:44:42,44.16,11829917
YHOO,3/5/2015,16:44:12,44.16,11829557
YHOO,3/5/2015,16:43:42,44.16,11829557
YHOO,3/5/2015,16:43:12,44.16,11829557
YHOO,3/5/2015,16:42:43,44.16,11829557
YHOO,3/5/2015,16:42:12,44.16,11829557
YHOO,3/5/2015,16:41:42,44.16,11826473
YHOO,3/5/2015,16:41:12,44.16,11826473
YHOO,3/5/2015,16:40:42,44.16,11826473
YHOO,3/5/2015,16:40:12,44.16,11826473
YHOO,3/5/2015,16:39:42,44.16,11826473
YHOO,3/5/2015,16:39:12,44.16,11822973
YHOO,3/5/2015,16:38:42,44.16,11822973
YHOO,3/5/2015,16:38:12,44.16,11822973
YHOO,3/5/2015,16:37:42,44.16,11822973
YHOO,3/5/2015,16:37:12,44.16,11822973
YHOO,3/5/2015,16:36:42,44.16,11822973
YHOO,3/5/2015,16:36:12,44.16,11822973
YHOO,3/5/2015,16:35:42,44.16,11822973
YHOO,3/5/2015,16:35:13,44.16,11822973
YHOO,3/5/2015,16:34:42,44.16,11822973
YHOO,3/5/2015,16:34:12,44.16,11822973
YHOO,3/5/2015,16:33:42,44.16,11822973
YHOO,3/5/2015,16:33:12,44.16,11822973
YHOO,3/5/2015,16:32:42,44.16,11822028
YHOO,3/5/2015,16:32:12,44.16,11822028
YHOO,3/5/2015,16:31:42,44.16,11822028
YHOO,3/5/2015,16:31:12,44.16,11822028
YHOO,3/5/2015,16:30:42,44.16,11821585
YHOO,3/5/2015,16:30:12,44.16,11821585
YHOO,3/5/2015,16:29:42,44.16,11821585
YHOO,3/5/2015,16:29:12,44.16,11821585
YHOO,3/5/2015,16:28:42,44.16,11821585
YHOO,3/5/2015,16:28:12,44.16,11821585
YHOO,3/5/2015,16:27:42,44.16,11821585
YHOO,3/5/2015,16:27:12,44.16,11821585
YHOO,3/5/2015,16:26:46,44.16,11821585
YHOO,3/5/2015,16:26:12,44.16,11821585
YHOO,3/5/2015,16:25:42,44.16,11812485
YHOO,3/5/2015,16:25:12,44.16,11812485
YHOO,3/5/2015,16:24:42,44.16,11812485
YHOO,3/5/2015,16:24:12,44.16,11812485
YHOO,3/5/2015,16:23:42,44.16,11812485
YHOO,3/5/2015,16:23:12,44.16,11812485
YHOO,3/5/2015,16:22:42,44.16,11812485
YHOO,3/5/2015,16:22:12,44.16,11717385
YHOO,3/5/2015,16:21:42,44.16,11717385
YHOO,3/5/2015,16:21:12,44.16,11702185
YHOO,3/5/2015,16:20:42,44.16,11698685
YHOO,3/5/2015,16:20:12,44.16,11698685
YHOO,3/5/2015,16:19:42,44.16,11698685
YHOO,3/5/2015,16:19:12,44.16,11698685
YHOO,3/5/2015,16:18:42,44.16,11698685
YHOO,3/5/2015,16:18:12,44.16,11672885
YHOO,3/5/2015,16:17:42,44.16,11672885
YHOO,3/5/2015,16:17:12,44.16,11672885
YHOO,3/5/2015,16:16:42,44.16,11672885
YHOO,3/5/2015,16:16:12,44.16,11672885
YHOO,3/5/2015,16:15:42,44.16,11672885
YHOO,3/5/2015,16:15:12,44.16,11672885
YHOO,3/5/2015,16:14:42,44.18,11218576
YHOO,3/5/2015,16:14:12,44.19,11144311
YHOO,3/5/2015,16:13:42,44.22,11075710
YHOO,3/5/2015,16:13:12,44.2,11026205
YHOO,3/5/2015,16:12:42,44.21,10990068
YHOO,3/5/2015,16:12:12,44.21,10964729
YHOO,3/5/2015,16:11:42,44.2,10952977
YHOO,3/5/2015,16:11:12,44.22,10927044
YHOO,3/5/2015,16:10:42,44.21,10910866
YHOO,3/5/2015,16:10:12,44.23,10893658
YHOO,3/5/2015,16:09:42,44.22,10850171
YHOO,3/5/2015,16:09:12,44.21,10844521
YHOO,3/5/2015,16:08:43,44.22,10831220
YHOO,3/5/2015,16:08:12,44.24,10814463
YHOO,3/5/2015,16:07:42,44.23,10791723
YHOO,3/5/2015,16:07:12,44.23,10780773
YHOO,3/5/2015,16:06:42,44.24,10763318
YHOO,3/5/2015,16:06:12,44.23,10728809
YHOO,3/5/2015,16:05:42,44.23,10723619
YHOO,3/5/2015,16:05:12,44.24,10702754
YHOO,3/5/2015,16:04:42,44.25,10681771
YHOO,3/5/2015,16:04:13,44.25,10678431
YHOO,3/5/2015,16:03:42,44.26,10663182
YHOO,3/5/2015,16:03:12,44.27,10645258
YHOO,3/5/2015,16:02:43,44.26,10631417
YHOO,3/5/2015,16:02:12,44.3,10615538
YHOO,3/5/2015,16:01:42,44.31,10600124
YHOO,3/5/2015,16:01:13,44.3,10583743
YHOO,3/5/2015,16:00:42,44.28,10566010
YHOO,3/5/2015,16:00:13,44.27,10523980
YHOO,3/5/2015,15:59:42,44.29,10510929
YHOO,3/5/2015,15:59:12,44.29,10493458
YHOO,3/5/2015,15:58:42,44.3,10457913
YHOO,3/5/2015,15:58:12,44.29,10430603
YHOO,3/5/2015,15:57:42,44.28,10399726
YHOO,3/5/2015,15:57:12,44.28,10389335
YHOO,3/5/2015,15:56:42,44.25,10357783
YHOO,3/5/2015,15:56:12,44.23,10343424
YHOO,3/5/2015,15:55:42,44.23,10337003
YHOO,3/5/2015,15:55:12,44.23,10327889
YHOO,3/5/2015,15:54:42,44.25,10312418
YHOO,3/5/2015,15:54:12,44.22,10288247
YHOO,3/5/2015,15:53:42,44.23,10287847
YHOO,3/5/2015,15:53:12,44.24,10275162
YHOO,3/5/2015,15:52:42,44.22,10261838
YHOO,3/5/2015,15:52:12,44.21,10247616
YHOO,3/5/2015,15:51:42,44.21,10232256
YHOO,3/5/2015,15:51:12,44.2,10229263
YHOO,3/5/2015,15:50:42,44.19,10213166
YHOO,3/5/2015,15:50:12,44.18,10185450
YHOO,3/5/2015,15:49:42,44.18,10175397
YHOO,3/5/2015,15:49:12,44.19,10169522
YHOO,3/5/2015,15:48:43,44.2,10161014
YHOO,3/5/2015,15:48:12,44.18,10149766
YHOO,3/5/2015,15:47:42,44.18,10144527
YHOO,3/5/2015,15:47:12,44.19,10139376
YHOO,3/5/2015,15:46:42,44.2,10106765
YHOO,3/5/2015,15:46:13,44.23,10082445
YHOO,3/5/2015,15:45:42,44.22,10062417
YHOO,3/5/2015,15:45:12,44.23,10043743
YHOO,3/5/2015,15:44:42,44.22,10037513
YHOO,3/5/2015,15:44:12,44.21,10022972
YHOO,3/5/2015,15:43:42,44.21,10012769
YHOO,3/5/2015,15:43:12,44.23,10002005
YHOO,3/5/2015,15:42:42,44.24,9993865
YHOO,3/5/2015,15:42:12,44.23,9935460
YHOO,3/5/2015,15:41:42,44.22,9926143
YHOO,3/5/2015,15:41:12,44.23,9920527
YHOO,3/5/2015,15:40:42,44.23,9908329
YHOO,3/5/2015,15:40:12,44.22,9891457
YHOO,3/5/2015,15:39:42,44.2,9866786
YHOO,3/5/2015,15:39:12,44.18,9822285
YHOO,3/5/2015,15:38:42,44.19,9817371
YHOO,3/5/2015,15:38:12,44.18,9803698
YHOO,3/5/2015,15:37:42,44.16,9780295
YHOO,3/5/2015,15:37:12,44.16,9731157
YHOO,3/5/2015,15:36:42,44.16,9711322
YHOO,3/5/2015,15:36:12,44.15,9681631
YHOO,3/5/2015,15:35:42,44.14,9651557
YHOO,3/5/2015,15:35:12,44.14,9649505
YHOO,3/5/2015,15:34:42,44.15,9627594
YHOO,3/5/2015,15:34:14,44.14,9596104
YHOO,3/5/2015,15:33:42,44.14,9593448
YHOO,3/5/2015,15:33:12,44.13,9592627
YHOO,3/5/2015,15:32:42,44.14,9591569
YHOO,3/5/2015,15:32:13,44.12,9588256
YHOO,3/5/2015,15:31:42,44.12,9571065
YHOO,3/5/2015,15:31:13,44.12,9558784
YHOO,3/5/2015,15:30:42,44.15,9549007
YHOO,3/5/2015,15:30:13,44.14,9513496
YHOO,3/5/2015,15:29:42,44.11,9432637
YHOO,3/5/2015,15:29:12,44.1,9415648
YHOO,3/5/2015,15:28:43,44.1,9413730
YHOO,3/5/2015,15:28:12,44.09,9399409
YHOO,3/5/2015,15:27:42,44.1,9394500
YHOO,3/5/2015,15:27:12,44.11,9373296
YHOO,3/5/2015,15:26:46,44.11,9372386
YHOO,3/5/2015,15:26:13,44.11,9366682
YHOO,3/5/2015,15:25:42,44.09,9361022
YHOO,3/5/2015,15:25:12,44.08,9355625
YHOO,3/5/2015,15:24:42,44.09,9340789
YHOO,3/5/2015,15:24:12,44.08,9335238
YHOO,3/5/2015,15:23:42,44.09,9328839
YHOO,3/5/2015,15:23:12,44.08,9320325
YHOO,3/5/2015,15:22:42,44.07,9319162
YHOO,3/5/2015,15:22:12,44.09,9313664
YHOO,3/5/2015,15:21:42,44.1,9309109
YHOO,3/5/2015,15:21:13,44.11,9304071
YHOO,3/5/2015,15:20:43,44.11,9278598
YHOO,3/5/2015,15:20:12,44.11,9274810
YHOO,3/5/2015,15:19:42,44.11,9273110
YHOO,3/5/2015,15:19:12,44.12,9266935
YHOO,3/5/2015,15:18:42,44.11,9257065
YHOO,3/5/2015,15:18:12,44.1,9255297
YHOO,3/5/2015,15:17:43,44.1,9251013
YHOO,3/5/2015,15:17:12,44.1,9250593
YHOO,3/5/2015,15:16:42,44.11,9204312
YHOO,3/5/2015,15:16:12,44.11,9204032
YHOO,3/5/2015,15:15:42,44.13,9200126
YHOO,3/5/2015,15:15:13,44.14,9173052
YHOO,3/5/2015,15:14:42,44.13,9165996
YHOO,3/5/2015,15:14:12,44.14,9160827
YHOO,3/5/2015,15:13:42,44.15,9155874
YHOO,3/5/2015,15:13:12,44.15,9147882
YHOO,3/5/2015,15:12:42,44.14,9133622
YHOO,3/5/2015,15:12:12,44.14,9127666
YHOO,3/5/2015,15:11:42,44.14,9126754
YHOO,3/5/2015,15:11:12,44.13,9125354
YHOO,3/5/2015,15:10:45,44.13,9116649
YHOO,3/5/2015,15:10:12,44.14,9112770
YHOO,3/5/2015,15:09:43,44.12,9108641
YHOO,3/5/2015,15:09:13,44.11,9087199
YHOO,3/5/2015,15:08:42,44.1,9074163
YHOO,3/5/2015,15:08:12,44.08,9061538
YHOO,3/5/2015,15:07:42,44.06,9051734
YHOO,3/5/2015,15:07:12,44.06,9030365
YHOO,3/5/2015,15:06:42,44.06,9026916
YHOO,3/5/2015,15:06:12,44.04,9020868
YHOO,3/5/2015,15:05:42,44.05,9018984
YHOO,3/5/2015,15:05:12,44.05,9015167
YHOO,3/5/2015,15:04:42,44.05,9011699
YHOO,3/5/2015,15:04:12,44.07,8996099
YHOO,3/5/2015,15:03:42,44.07,8995197
YHOO,3/5/2015,15:03:12,44.07,8992862
YHOO,3/5/2015,15:02:42,44.06,8989669
YHOO,3/5/2015,15:02:12,44.06,8988446
YHOO,3/5/2015,15:01:42,44.05,8983849
YHOO,3/5/2015,15:01:14,44.05,8964490
YHOO,3/5/2015,15:00:42,44.05,8960113
YHOO,3/5/2015,15:00:12,44.06,8958106
YHOO,3/5/2015,14:59:42,44.06,8956144
YHOO,3/5/2015,14:59:12,44.07,8949022
YHOO,3/5/2015,14:58:42,44.09,8937290
YHOO,3/5/2015,14:58:12,44.09,8936749
YHOO,3/5/2015,14:57:42,44.06,8916770
YHOO,3/5/2015,14:57:12,44.06,8915365
YHOO,3/5/2015,14:56:42,44.06,8907047
YHOO,3/5/2015,14:56:12,44.07,8895857
YHOO,3/5/2015,14:55:42,44.07,8863017
YHOO,3/5/2015,14:55:12,44.05,8849603
YHOO,3/5/2015,14:54:42,44.05,8847969
YHOO,3/5/2015,14:54:12,44.05,8846231
YHOO,3/5/2015,14:53:42,44.04,8845981
YHOO,3/5/2015,14:53:12,44.07,8839336
YHOO,3/5/2015,14:52:42,44.06,8828824
YHOO,3/5/2015,14:52:12,44.07,8820424
YHOO,3/5/2015,14:51:42,44.06,8803852
YHOO,3/5/2015,14:51:12,44.06,8799570
YHOO,3/5/2015,14:50:42,44.05,8780983
YHOO,3/5/2015,14:50:12,44.07,8762524
YHOO,3/5/2015,14:49:42,44.07,8762119
YHOO,3/5/2015,14:49:12,44.11,8752389
YHOO,3/5/2015,14:48:42,44.11,8737473
YHOO,3/5/2015,14:48:12,44.1,8732834
YHOO,3/5/2015,14:47:43,44.08,8727919
YHOO,3/5/2015,14:47:13,44.1,8721648
YHOO,3/5/2015,14:46:42,44.09,8711931
YHOO,3/5/2015,14:46:12,44.11,8705291
YHOO,3/5/2015,14:45:42,44.11,8701942
YHOO,3/5/2015,14:45:12,44.11,8685469
YHOO,3/5/2015,14:44:42,44.11,8672913
YHOO,3/5/2015,14:44:12,44.12,8672313
YHOO,3/5/2015,14:43:42,44.14,8665514
YHOO,3/5/2015,14:43:12,44.14,8608633
YHOO,3/5/2015,14:42:42,44.12,8593478
YHOO,3/5/2015,14:42:12,44.12,8587991
YHOO,3/5/2015,14:41:42,44.13,8581387
YHOO,3/5/2015,14:41:12,44.12,8576671
YHOO,3/5/2015,14:40:42,44.12,8572457
YHOO,3/5/2015,14:40:12,44.09,8566007
YHOO,3/5/2015,14:39:42,44.1,8545568
YHOO,3/5/2015,14:39:12,44.09,8542308
YHOO,3/5/2015,14:38:42,44.09,8519644
YHOO,3/5/2015,14:38:12,44.11,8495381
YHOO,3/5/2015,14:37:42,44.12,8492780
YHOO,3/5/2015,14:37:12,44.15,8482990
YHOO,3/5/2015,14:36:42,44.15,8453657
YHOO,3/5/2015,14:36:12,44.14,8453107
YHOO,3/5/2015,14:35:43,44.13,8448482
YHOO,3/5/2015,14:35:12,44.11,8429001
YHOO,3/5/2015,14:34:42,44.14,8398295
YHOO,3/5/2015,14:34:12,44.15,8393640
YHOO,3/5/2015,14:33:42,44.15,8392013
YHOO,3/5/2015,14:33:12,44.15,8381771
YHOO,3/5/2015,14:32:42,44.14,8379001
YHOO,3/5/2015,14:32:12,44.14,8374836
YHOO,3/5/2015,14:31:42,44.14,8367561
YHOO,3/5/2015,14:31:12,44.14,8360576
YHOO,3/5/2015,14:30:42,44.13,8338401
YHOO,3/5/2015,14:30:12,44.12,8336238
YHOO,3/5/2015,14:29:42,44.08,8324179
YHOO,3/5/2015,14:29:12,44.1,8309719
YHOO,3/5/2015,14:28:42,44.1,8303111
YHOO,3/5/2015,14:28:12,44.12,8294108
YHOO,3/5/2015,14:27:42,44.12,8291541
YHOO,3/5/2015,14:27:13,44.13,8280063
YHOO,3/5/2015,14:26:42,44.13,8279935
YHOO,3/5/2015,14:26:12,44.14,8272909
YHOO,3/5/2015,14:25:42,44.13,8256749
YHOO,3/5/2015,14:25:12,44.14,8243835
YHOO,3/5/2015,14:24:42,44.16,8224569
YHOO,3/5/2015,14:24:12,44.16,8184275
YHOO,3/5/2015,14:23:42,44.15,8157843
YHOO,3/5/2015,14:23:13,44.14,8153350
YHOO,3/5/2015,14:22:42,44.13,8129919
YHOO,3/5/2015,14:22:12,44.11,8093171
YHOO,3/5/2015,14:21:42,44.11,8090085
YHOO,3/5/2015,14:21:12,44.11,8088364
YHOO,3/5/2015,14:20:42,44.1,8066694
YHOO,3/5/2015,14:20:12,44.11,7941047
YHOO,3/5/2015,14:19:42,44.13,7863173
YHOO,3/5/2015,14:19:12,44.13,7856973
YHOO,3/5/2015,14:18:42,44.12,7855693
YHOO,3/5/2015,14:18:13,44.1,7811235
YHOO,3/5/2015,14:17:42,44.09,7802943
YHOO,3/5/2015,14:17:12,44.08,7792951
YHOO,3/5/2015,14:16:42,44.05,7782348
YHOO,3/5/2015,14:16:12,44.06,7779419
YHOO,3/5/2015,14:15:42,44.06,7769517
YHOO,3/5/2015,14:15:13,44.05,7768267
YHOO,3/5/2015,14:14:42,44.05,7758632
YHOO,3/5/2015,14:14:13,44.05,7753160
YHOO,3/5/2015,14:13:43,44.05,7738489
YHOO,3/5/2015,14:13:12,44.05,7732768
YHOO,3/5/2015,14:12:42,44.05,7729623
YHOO,3/5/2015,14:12:12,44.04,7722496
YHOO,3/5/2015,14:11:42,44.05,7715871
YHOO,3/5/2015,14:11:12,44.05,7709764
YHOO,3/5/2015,14:10:42,44.05,7707964
YHOO,3/5/2015,14:10:12,44.05,7704530
YHOO,3/5/2015,14:09:43,44.03,7700426
YHOO,3/5/2015,14:09:12,44.04,7693748
YHOO,3/5/2015,14:08:42,44.04,7688158
YHOO,3/5/2015,14:08:13,44.02,7676166
YHOO,3/5/2015,14:07:42,44.01,7664644
YHOO,3/5/2015,14:07:12,44.02,7659819
YHOO,3/5/2015,14:06:42,44.04,7648742
YHOO,3/5/2015,14:06:12,43.97,7500453
YHOO,3/5/2015,14:05:42,43.98,7494805
YHOO,3/5/2015,14:05:12,43.97,7493603
YHOO,3/5/2015,14:04:42,43.98,7486081
YHOO,3/5/2015,14:04:13,43.98,7483161
YHOO,3/5/2015,14:03:42,43.99,7476061
YHOO,3/5/2015,14:03:12,43.98,7473853
YHOO,3/5/2015,14:02:42,43.98,7462053
YHOO,3/5/2015,14:02:12,43.98,7461775
YHOO,3/5/2015,14:01:42,43.98,7447607
YHOO,3/5/2015,14:01:12,43.98,7447138
YHOO,3/5/2015,14:00:42,43.98,7445688
YHOO,3/5/2015,14:00:12,43.97,7439768
YHOO,3/5/2015,13:59:42,43.96,7431636
YHOO,3/5/2015,13:59:12,43.94,7412790
YHOO,3/5/2015,13:58:42,43.94,7400639
YHOO,3/5/2015,13:58:12,43.95,7398114
YHOO,3/5/2015,13:57:42,43.93,7388068
YHOO,3/5/2015,13:57:12,43.91,7380467
YHOO,3/5/2015,13:56:42,43.9,7379097
YHOO,3/5/2015,13:56:12,43.9,7372895
YHOO,3/5/2015,13:55:42,43.87,7366965
YHOO,3/5/2015,13:55:13,43.88,7364790
YHOO,3/5/2015,13:54:42,43.9,7357665
YHOO,3/5/2015,13:54:12,43.92,7351104
YHOO,3/5/2015,13:53:43,43.92,7348174
YHOO,3/5/2015,13:53:12,43.92,7344694
YHOO,3/5/2015,13:52:43,43.91,7337986
YHOO,3/5/2015,13:52:12,43.9,7336836
YHOO,3/5/2015,13:51:42,43.91,7324505
YHOO,3/5/2015,13:51:12,43.91,7322689
YHOO,3/5/2015,13:50:43,43.92,7319055
YHOO,3/5/2015,13:50:12,43.91,7314242
YHOO,3/5/2015,13:49:42,43.9,7311741
YHOO,3/5/2015,13:49:12,43.89,7308081
YHOO,3/5/2015,13:48:42,43.89,7304900
YHOO,3/5/2015,13:48:12,43.87,7302744
YHOO,3/5/2015,13:47:42,43.89,7296936
YHOO,3/5/2015,13:47:12,43.87,7295275
YHOO,3/5/2015,13:46:42,43.85,7287110
YHOO,3/5/2015,13:46:12,43.84,7286469
YHOO,3/5/2015,13:45:43,43.83,7282547
YHOO,3/5/2015,13:45:12,43.84,7281308
YHOO,3/5/2015,13:44:42,43.87,7276906
YHOO,3/5/2015,13:44:12,43.83,7269524
YHOO,3/5/2015,13:43:42,43.87,7263018
YHOO,3/5/2015,13:43:12,43.87,7260611
YHOO,3/5/2015,13:42:42,43.86,7259753
YHOO,3/5/2015,13:42:12,43.89,7252039
YHOO,3/5/2015,13:41:42,43.88,7249117
YHOO,3/5/2015,13:41:12,43.85,7230779
YHOO,3/5/2015,13:40:42,43.87,7221699
YHOO,3/5/2015,13:40:12,43.86,7194846
YHOO,3/5/2015,13:39:42,43.81,7183026
YHOO,3/5/2015,13:39:13,43.78,7173946
YHOO,3/5/2015,13:38:42,43.77,7154229
YHOO,3/5/2015,13:38:12,43.77,7147007
YHOO,3/5/2015,13:37:42,43.76,7146707
YHOO,3/5/2015,13:37:12,43.75,7129464
YHOO,3/5/2015,13:36:42,43.76,7114178
YHOO,3/5/2015,13:36:12,43.75,7096697
YHOO,3/5/2015,13:35:42,43.76,7094994
YHOO,3/5/2015,13:35:12,43.77,7083339
YHOO,3/5/2015,13:34:42,43.76,7064384
YHOO,3/5/2015,13:34:12,43.76,7030422
YHOO,3/5/2015,13:33:42,43.75,7029086
YHOO,3/5/2015,13:33:14,43.75,7026288
YHOO,3/5/2015,13:32:43,43.76,7012166
YHOO,3/5/2015,13:32:13,43.76,7011166
YHOO,3/5/2015,13:31:42,43.76,7009158
YHOO,3/5/2015,13:31:12,43.78,6983538
YHOO,3/5/2015,13:30:42,43.8,6979585
YHOO,3/5/2015,13:30:12,43.76,6970911
YHOO,3/5/2015,13:29:42,43.75,6939737
YHOO,3/5/2015,13:29:12,43.75,6938215
YHOO,3/5/2015,13:28:42,43.76,6935088
YHOO,3/5/2015,13:28:12,43.75,6931418
YHOO,3/5/2015,13:27:42,43.77,6923486
YHOO,3/5/2015,13:27:12,43.75,6917376
YHOO,3/5/2015,13:26:42,43.79,6854970
YHOO,3/5/2015,13:26:12,43.78,6850706
YHOO,3/5/2015,13:25:42,43.75,6825995
YHOO,3/5/2015,13:25:12,43.77,6814394
YHOO,3/5/2015,13:24:42,43.77,6809759
YHOO,3/5/2015,13:24:12,43.8,6803357
YHOO,3/5/2015,13:23:42,43.81,6801157
YHOO,3/5/2015,13:23:12,43.8,6799651
YHOO,3/5/2015,13:22:42,43.77,6792641
YHOO,3/5/2015,13:22:12,43.79,6771300
YHOO,3/5/2015,13:21:42,43.75,6751226
YHOO,3/5/2015,13:21:12,43.75,6748937
YHOO,3/5/2015,13:20:42,43.75,6747845
YHOO,3/5/2015,13:20:12,43.76,6739620
YHOO,3/5/2015,13:19:42,43.75,6680500
YHOO,3/5/2015,13:19:12,43.75,6678666
YHOO,3/5/2015,13:18:42,43.76,6677428
YHOO,3/5/2015,13:18:12,43.76,6672209
YHOO,3/5/2015,13:17:42,43.77,6651244
YHOO,3/5/2015,13:17:12,43.78,6646397
YHOO,3/5/2015,13:16:43,43.78,6624965
YHOO,3/5/2015,13:16:12,43.77,6619839
YHOO,3/5/2015,13:15:42,43.79,6603775
YHOO,3/5/2015,13:15:12,43.76,6582820
YHOO,3/5/2015,13:14:42,43.77,6578140
YHOO,3/5/2015,13:14:12,43.75,6573995
YHOO,3/5/2015,13:13:42,43.77,6561670
YHOO,3/5/2015,13:13:12,43.76,6553749
YHOO,3/5/2015,13:12:43,43.77,6545597
YHOO,3/5/2015,13:12:12,43.76,6538133
YHOO,3/5/2015,13:11:42,43.77,6533567
YHOO,3/5/2015,13:11:12,43.75,6523508
YHOO,3/5/2015,13:10:42,43.76,6496865
YHOO,3/5/2015,13:10:12,43.76,6487219
YHOO,3/5/2015,13:09:42,43.79,6484369
YHOO,3/5/2015,13:09:12,43.78,6475950
YHOO,3/5/2015,13:08:42,43.79,6458350
YHOO,3/5/2015,13:08:12,43.78,6454746
YHOO,3/5/2015,13:07:42,43.77,6452357
YHOO,3/5/2015,13:07:12,43.77,6444789
YHOO,3/5/2015,13:06:42,43.78,6440092
YHOO,3/5/2015,13:06:12,43.79,6436382
YHOO,3/5/2015,13:05:42,43.81,6416797
YHOO,3/5/2015,13:05:12,43.8,6413554
YHOO,3/5/2015,13:04:42,43.81,6408053
YHOO,3/5/2015,13:04:12,43.8,6392758
YHOO,3/5/2015,13:03:42,43.8,6392225
YHOO,3/5/2015,13:03:12,43.78,6381991
YHOO,3/5/2015,13:02:42,43.79,6376484
YHOO,3/5/2015,13:02:12,43.76,6348083
YHOO,3/5/2015,13:01:42,43.77,6291029
YHOO,3/5/2015,13:01:12,43.78,6285607
YHOO,3/5/2015,13:00:42,43.79,6254049
YHOO,3/5/2015,13:00:13,43.81,6240857
YHOO,3/5/2015,12:59:42,43.82,6232851
YHOO,3/5/2015,12:59:12,43.81,6225393
YHOO,3/5/2015,12:58:42,43.83,6220571
YHOO,3/5/2015,12:58:12,43.84,6211540
YHOO,3/5/2015,12:57:42,43.84,6211440
YHOO,3/5/2015,12:57:12,43.83,6208707
YHOO,3/5/2015,12:56:42,43.84,6203707
YHOO,3/5/2015,12:56:12,43.84,6202057
YHOO,3/5/2015,12:55:42,43.87,6193908
YHOO,3/5/2015,12:55:12,43.88,6177256
YHOO,3/5/2015,12:54:42,43.89,6173690
YHOO,3/5/2015,12:54:12,43.89,6171389
YHOO,3/5/2015,12:53:42,43.91,6168769
YHOO,3/5/2015,12:53:12,43.89,6165866
YHOO,3/5/2015,12:52:42,43.9,6165264
YHOO,3/5/2015,12:52:12,43.9,6159003
YHOO,3/5/2015,12:51:42,43.91,6158293
YHOO,3/5/2015,12:51:12,43.88,6156957
YHOO,3/5/2015,12:50:42,43.87,6151539
YHOO,3/5/2015,12:50:12,43.9,6143797
YHOO,3/5/2015,12:49:42,43.91,6142372
YHOO,3/5/2015,12:49:12,43.93,6137849
YHOO,3/5/2015,12:48:42,43.94,6125602
YHOO,3/5/2015,12:48:12,43.96,6119956
YHOO,3/5/2015,12:47:42,43.94,6109389
YHOO,3/5/2015,12:47:12,43.89,6091069
YHOO,3/5/2015,12:46:42,43.88,6082842
YHOO,3/5/2015,12:46:12,43.85,6065524
YHOO,3/5/2015,12:45:42,43.87,6059195
YHOO,3/5/2015,12:45:13,43.87,6058586
YHOO,3/5/2015,12:44:42,43.88,6055786
YHOO,3/5/2015,12:44:12,43.87,6050523
YHOO,3/5/2015,12:43:42,43.88,6010594
YHOO,3/5/2015,12:43:12,43.88,6010569
YHOO,3/5/2015,12:42:42,43.89,6007568
YHOO,3/5/2015,12:42:12,43.88,5995446
YHOO,3/5/2015,12:41:42,43.88,5994394
YHOO,3/5/2015,12:41:12,43.85,5981166
YHOO,3/5/2015,12:40:42,43.87,5973183
YHOO,3/5/2015,12:40:12,43.86,5967772
YHOO,3/5/2015,12:39:42,43.87,5964897
YHOO,3/5/2015,12:39:12,43.87,5960778
YHOO,3/5/2015,12:38:44,43.89,5952017
YHOO,3/5/2015,12:38:12,43.88,5948916
YHOO,3/5/2015,12:37:45,43.88,5943303
YHOO,3/5/2015,12:37:14,43.88,5941777
YHOO,3/5/2015,12:36:42,43.87,5938747
YHOO,3/5/2015,12:36:13,43.86,5936997
YHOO,3/5/2015,12:35:42,43.84,5924738
YHOO,3/5/2015,12:35:12,43.87,5916826
YHOO,3/5/2015,12:34:42,43.88,5913116
YHOO,3/5/2015,12:34:12,43.89,5908662
YHOO,3/5/2015,12:33:42,43.89,5908019
YHOO,3/5/2015,12:33:12,43.88,5896249
YHOO,3/5/2015,12:32:42,43.88,5895487
YHOO,3/5/2015,12:32:12,43.86,5885611
YHOO,3/5/2015,12:31:43,43.86,5882929
YHOO,3/5/2015,12:31:12,43.87,5882135
YHOO,3/5/2015,12:30:43,43.88,5880583
YHOO,3/5/2015,12:30:12,43.87,5862317
YHOO,3/5/2015,12:29:45,43.9,5851532
YHOO,3/5/2015,12:29:12,43.92,5841802
YHOO,3/5/2015,12:28:43,43.92,5826042
YHOO,3/5/2015,12:28:12,43.94,5812441
YHOO,3/5/2015,12:27:42,43.95,5810748
YHOO,3/5/2015,12:27:12,43.97,5804718
YHOO,3/5/2015,12:26:42,43.97,5796417
YHOO,3/5/2015,12:26:12,43.98,5793524
YHOO,3/5/2015,12:25:43,43.99,5789424
YHOO,3/5/2015,12:25:13,43.99,5782099
YHOO,3/5/2015,12:24:42,44,5756429
YHOO,3/5/2015,12:24:12,44.01,5750158
YHOO,3/5/2015,12:23:42,44.04,5725544
YHOO,3/5/2015,12:23:12,44.04,5724644
YHOO,3/5/2015,12:22:42,44.05,5702487
YHOO,3/5/2015,12:22:12,44.03,5678096
YHOO,3/5/2015,12:21:43,44.02,5641659
YHOO,3/5/2015,12:21:12,44.03,5635944
YHOO,3/5/2015,12:20:42,44.04,5632616
YHOO,3/5/2015,12:20:12,44.04,5627848
YHOO,3/5/2015,12:19:42,44.06,5610168
YHOO,3/5/2015,12:19:12,44.06,5606477
YHOO,3/5/2015,12:18:42,44.05,5583337
YHOO,3/5/2015,12:18:12,44,5524334
YHOO,3/5/2015,12:17:42,44,5523894
YHOO,3/5/2015,12:17:12,43.99,5521138
YHOO,3/5/2015,12:16:42,44,5517204
YHOO,3/5/2015,12:16:12,44,5515463
YHOO,3/5/2015,12:15:43,44,5512823
YHOO,3/5/2015,12:15:12,43.99,5509902
YHOO,3/5/2015,12:14:42,44,5508476
YHOO,3/5/2015,12:14:12,43.99,5503828
YHOO,3/5/2015,12:13:42,44,5478442
YHOO,3/5/2015,12:13:12,44.01,5473127
YHOO,3/5/2015,12:12:42,44.01,5473127
YHOO,3/5/2015,12:12:12,44.01,5448940
YHOO,3/5/2015,12:11:42,44.01,5448940
YHOO,3/5/2015,12:11:12,43.99,5437223
YHOO,3/5/2015,12:10:42,44,5420520
YHOO,3/5/2015,12:10:12,44.01,5409659
YHOO,3/5/2015,12:09:42,44.01,5406909
YHOO,3/5/2015,12:09:12,44.02,5402649
YHOO,3/5/2015,12:08:42,43.99,5392271
YHOO,3/5/2015,12:08:12,43.99,5389431
YHOO,3/5/2015,12:07:42,44,5387781
YHOO,3/5/2015,12:07:12,44.01,5383130
YHOO,3/5/2015,12:06:42,44.01,5380559
YHOO,3/5/2015,12:06:12,44.01,5377837
YHOO,3/5/2015,12:05:42,44.01,5376107
YHOO,3/5/2015,12:05:12,44,5375532
YHOO,3/5/2015,12:04:42,44,5367573
YHOO,3/5/2015,12:04:12,44.01,5366186
YHOO,3/5/2015,12:03:42,44.03,5361341
YHOO,3/5/2015,12:03:12,44.02,5354700
YHOO,3/5/2015,12:02:42,44.02,5353612
YHOO,3/5/2015,12:02:12,44.01,5345328
YHOO,3/5/2015,12:01:42,44,5340994
YHOO,3/5/2015,12:01:12,44.01,5335543
YHOO,3/5/2015,12:00:42,44,5329088
YHOO,3/5/2015,12:00:12,44.01,5321977
YHOO,3/5/2015,11:59:44,44.01,5316296
YHOO,3/5/2015,11:59:12,44.03,5310358
YHOO,3/5/2015,11:58:42,44.04,5291953
YHOO,3/5/2015,11:58:12,44.02,5283644
YHOO,3/5/2015,11:57:42,44.03,5269238
YHOO,3/5/2015,11:57:12,44.03,5225383
YHOO,3/5/2015,11:56:42,43.99,5157649
YHOO,3/5/2015,11:56:12,43.96,5145300
YHOO,3/5/2015,11:55:42,43.94,5141849
YHOO,3/5/2015,11:55:12,43.92,5129150
YHOO,3/5/2015,11:54:42,43.91,5118871
YHOO,3/5/2015,11:54:12,43.9,5113768
YHOO,3/5/2015,11:53:42,43.9,5112103
YHOO,3/5/2015,11:53:12,43.92,5101953
YHOO,3/5/2015,11:52:42,43.92,5095258
YHOO,3/5/2015,11:52:12,43.91,5093106
YHOO,3/5/2015,11:51:42,43.92,5082766
YHOO,3/5/2015,11:51:12,43.92,5070103
YHOO,3/5/2015,11:50:42,43.92,5063584
YHOO,3/5/2015,11:50:12,43.92,5059481
YHOO,3/5/2015,11:49:42,43.9,5053142
YHOO,3/5/2015,11:49:12,43.89,5046214
YHOO,3/5/2015,11:48:42,43.9,5040024
YHOO,3/5/2015,11:48:12,43.91,5037374
YHOO,3/5/2015,11:47:42,43.9,5033274
YHOO,3/5/2015,11:47:12,43.9,5025721
YHOO,3/5/2015,11:46:42,43.91,5017231
YHOO,3/5/2015,11:46:12,43.94,5008159
YHOO,3/5/2015,11:45:42,43.94,4999003
YHOO,3/5/2015,11:45:12,43.92,4986321
YHOO,3/5/2015,11:44:42,43.9,4979126
YHOO,3/5/2015,11:44:12,43.88,4967883
YHOO,3/5/2015,11:43:42,43.9,4961475
YHOO,3/5/2015,11:43:13,43.92,4955725
YHOO,3/5/2015,11:42:42,43.93,4953826
YHOO,3/5/2015,11:42:12,43.94,4886178
YHOO,3/5/2015,11:41:42,43.92,4876990
YHOO,3/5/2015,11:41:12,43.93,4871570
YHOO,3/5/2015,11:40:42,43.88,4860696
YHOO,3/5/2015,11:40:15,43.88,4857646
YHOO,3/5/2015,11:39:42,43.9,4853191
YHOO,3/5/2015,11:39:12,43.91,4845893
YHOO,3/5/2015,11:38:43,43.9,4837873
YHOO,3/5/2015,11:38:12,43.91,4833235
YHOO,3/5/2015,11:37:42,43.9,4831326
YHOO,3/5/2015,11:37:12,43.89,4819664
YHOO,3/5/2015,11:36:42,43.87,4798600
YHOO,3/5/2015,11:36:12,43.9,4790415
YHOO,3/5/2015,11:35:42,43.9,4775928
YHOO,3/5/2015,11:35:12,43.93,4764348
YHOO,3/5/2015,11:34:42,43.95,4746481
YHOO,3/5/2015,11:34:12,43.93,4732325
YHOO,3/5/2015,11:33:42,43.92,4724751
YHOO,3/5/2015,11:33:12,43.92,4719887
YHOO,3/5/2015,11:32:42,43.89,4712987
YHOO,3/5/2015,11:32:12,43.88,4701174
YHOO,3/5/2015,11:31:42,43.89,4673006
YHOO,3/5/2015,11:31:12,43.89,4668006
YHOO,3/5/2015,11:30:42,43.89,4646102
YHOO,3/5/2015,11:30:12,43.9,4636943
YHOO,3/5/2015,11:29:42,43.91,4623434
YHOO,3/5/2015,11:29:12,43.93,4604346
YHOO,3/5/2015,11:28:42,43.93,4575009
YHOO,3/5/2015,11:28:12,43.9,4541859
YHOO,3/5/2015,11:27:42,43.9,4537694
YHOO,3/5/2015,11:27:12,43.9,4469216
YHOO,3/5/2015,11:26:42,43.91,4412332
YHOO,3/5/2015,11:26:12,43.88,4323946
YHOO,3/5/2015,11:25:42,43.87,4298339
YHOO,3/5/2015,11:25:13,43.85,4271371
YHOO,3/5/2015,11:24:42,43.85,4254061
YHOO,3/5/2015,11:24:12,43.81,4222382
YHOO,3/5/2015,11:23:42,43.84,4215181
YHOO,3/5/2015,11:23:15,43.86,4206574
YHOO,3/5/2015,11:22:42,43.89,4201134
YHOO,3/5/2015,11:22:12,43.93,4197743
YHOO,3/5/2015,11:21:42,43.95,4179876
YHOO,3/5/2015,11:21:12,43.96,4163716
YHOO,3/5/2015,11:20:42,43.98,4158311
YHOO,3/5/2015,11:20:12,43.97,4156010
YHOO,3/5/2015,11:19:42,43.98,4149112
YHOO,3/5/2015,11:19:13,43.95,4116988
YHOO,3/5/2015,11:18:42,43.95,4110584
YHOO,3/5/2015,11:18:12,43.95,4087212
YHOO,3/5/2015,11:17:43,43.95,4078653
YHOO,3/5/2015,11:17:12,43.95,4076890
YHOO,3/5/2015,11:16:42,43.96,4074585
YHOO,3/5/2015,11:16:13,43.96,4057267
YHOO,3/5/2015,11:15:42,43.95,4051787
YHOO,3/5/2015,11:15:12,43.95,3987331
YHOO,3/5/2015,11:14:42,43.96,3946804
YHOO,3/5/2015,11:14:12,43.95,3944345
YHOO,3/5/2015,11:13:42,43.95,3936281
YHOO,3/5/2015,11:13:13,43.9,3905273
YHOO,3/5/2015,11:12:42,43.92,3890539
YHOO,3/5/2015,11:12:12,43.92,3888714
YHOO,3/5/2015,11:11:42,43.96,3875274
YHOO,3/5/2015,11:11:13,43.99,3861740
YHOO,3/5/2015,11:10:42,44.01,3856749
YHOO,3/5/2015,11:10:12,44.03,3849651
YHOO,3/5/2015,11:09:47,44,3839051
YHOO,3/5/2015,11:09:13,44.03,3832607
YHOO,3/5/2015,11:08:43,44.06,3824074
YHOO,3/5/2015,11:08:12,44.07,3816714
YHOO,3/5/2015,11:07:42,44.05,3810592
YHOO,3/5/2015,11:07:12,44.06,3805469
YHOO,3/5/2015,11:06:42,44.05,3804967
YHOO,3/5/2015,11:06:12,44.03,3791783
YHOO,3/5/2015,11:05:42,44.03,3788652
YHOO,3/5/2015,11:05:12,44.04,3786256
YHOO,3/5/2015,11:04:42,44.03,3783587
YHOO,3/5/2015,11:04:12,44.03,3775123
YHOO,3/5/2015,11:03:42,44.03,3769517
YHOO,3/5/2015,11:03:12,44.04,3764278
YHOO,3/5/2015,11:02:42,44.03,3760662
YHOO,3/5/2015,11:02:13,44.03,3757220
YHOO,3/5/2015,11:01:42,44.05,3747794
YHOO,3/5/2015,11:01:12,44.04,3715739
YHOO,3/5/2015,11:00:42,44.04,3710693
YHOO,3/5/2015,11:00:12,44.07,3697263
YHOO,3/5/2015,10:59:42,44.05,3675938
YHOO,3/5/2015,10:59:12,44.05,3664956
YHOO,3/5/2015,10:58:42,44.03,3657764
YHOO,3/5/2015,10:58:16,44.04,3655361
YHOO,3/5/2015,10:57:42,44.06,3648360
YHOO,3/5/2015,10:57:12,44.09,3628293
YHOO,3/5/2015,10:56:42,44.09,3627260
YHOO,3/5/2015,10:56:12,44.09,3619591
YHOO,3/5/2015,10:55:42,44.09,3608047
YHOO,3/5/2015,10:55:12,43.99,3290336
YHOO,3/5/2015,10:54:42,43.99,3199837
YHOO,3/5/2015,10:54:12,43.98,3197175
YHOO,3/5/2015,10:53:42,43.99,3187384
YHOO,3/5/2015,10:53:12,43.98,3177949
YHOO,3/5/2015,10:52:42,44.04,3142112
YHOO,3/5/2015,10:52:13,44.03,3130169
YHOO,3/5/2015,10:51:42,44.02,3103254
YHOO,3/5/2015,10:51:12,44.04,3096740
YHOO,3/5/2015,10:50:42,44.01,3090007
YHOO,3/5/2015,10:50:12,43.99,3039032
YHOO,3/5/2015,10:49:42,44,3022816
YHOO,3/5/2015,10:49:12,43.99,3010455
YHOO,3/5/2015,10:48:42,43.97,2986462
YHOO,3/5/2015,10:48:12,43.98,2979597
YHOO,3/5/2015,10:47:42,43.97,2965166
YHOO,3/5/2015,10:47:12,43.97,2959624
YHOO,3/5/2015,10:46:42,43.96,2931433
YHOO,3/5/2015,10:46:12,43.94,2923774
YHOO,3/5/2015,10:45:42,43.96,2905219
YHOO,3/5/2015,10:45:12,43.96,2897541
YHOO,3/5/2015,10:44:42,43.96,2893728
YHOO,3/5/2015,10:44:12,43.97,2880890
YHOO,3/5/2015,10:43:42,43.94,2859843
YHOO,3/5/2015,10:43:12,43.95,2840830
YHOO,3/5/2015,10:42:43,43.96,2829967
YHOO,3/5/2015,10:42:12,43.96,2819926
YHOO,3/5/2015,10:41:42,43.94,2806541
YHOO,3/5/2015,10:41:12,43.94,2804408
YHOO,3/5/2015,10:40:42,43.92,2785415
YHOO,3/5/2015,10:40:12,43.9,2777983
YHOO,3/5/2015,10:39:42,43.93,2773099
YHOO,3/5/2015,10:39:12,43.92,2750567
YHOO,3/5/2015,10:38:42,43.86,2743777
YHOO,3/5/2015,10:38:12,43.87,2721715
YHOO,3/5/2015,10:37:42,43.89,2702317
YHOO,3/5/2015,10:37:12,43.93,2663475
YHOO,3/5/2015,10:36:42,43.93,2647661
YHOO,3/5/2015,10:36:12,43.95,2638479
YHOO,3/5/2015,10:35:42,43.94,2615415
YHOO,3/5/2015,10:35:12,43.95,2611215
YHOO,3/5/2015,10:34:42,43.96,2588831
YHOO,3/5/2015,10:34:12,43.93,2582458
YHOO,3/5/2015,10:33:42,43.96,2579204
YHOO,3/5/2015,10:33:12,43.96,2549913
YHOO,3/5/2015,10:32:42,43.96,2542765
YHOO,3/5/2015,10:32:12,43.94,2526916
YHOO,3/5/2015,10:31:42,43.95,2520386
YHOO,3/5/2015,10:31:12,43.94,2505067
YHOO,3/5/2015,10:30:42,43.95,2466436
YHOO,3/5/2015,10:30:12,43.94,2431226
YHOO,3/5/2015,10:29:42,43.96,2428627
YHOO,3/5/2015,10:29:12,43.97,2426321
YHOO,3/5/2015,10:28:42,43.96,2405663
YHOO,3/5/2015,10:28:12,43.96,2400603
YHOO,3/5/2015,10:27:42,43.93,2381314
YHOO,3/5/2015,10:27:12,43.97,2374159
YHOO,3/5/2015,10:26:42,43.97,2370830
YHOO,3/5/2015,10:26:12,43.94,2326097
YHOO,3/5/2015,10:25:42,44,2294721
YHOO,3/5/2015,10:25:12,44,2287003
YHOO,3/5/2015,10:24:42,43.97,2251617
YHOO,3/5/2015,10:24:12,43.96,2234181
YHOO,3/5/2015,10:23:42,43.95,2207056
YHOO,3/5/2015,10:23:12,43.96,2197980
YHOO,3/5/2015,10:22:42,43.96,2192251
YHOO,3/5/2015,10:22:12,43.9,2167343
YHOO,3/5/2015,10:21:42,43.94,2163485
YHOO,3/5/2015,10:21:12,43.93,2128635
YHOO,3/5/2015,10:20:42,43.95,2114919
YHOO,3/5/2015,10:20:12,43.93,2089456
YHOO,3/5/2015,10:19:42,43.88,2050898
YHOO,3/5/2015,10:19:12,43.88,2031572
YHOO,3/5/2015,10:18:42,43.86,1986868
YHOO,3/5/2015,10:18:12,43.86,1921042
YHOO,3/5/2015,10:17:42,43.88,1893653
YHOO,3/5/2015,10:17:12,43.9,1882148
YHOO,3/5/2015,10:16:42,43.89,1856535
YHOO,3/5/2015,10:16:12,43.88,1836009
YHOO,3/5/2015,10:15:42,43.83,1809032
YHOO,3/5/2015,10:15:12,43.82,1789683
YHOO,3/5/2015,10:14:43,43.85,1778936
YHOO,3/5/2015,10:14:12,43.84,1760162
YHOO,3/5/2015,10:13:43,43.82,1749639
YHOO,3/5/2015,10:13:12,43.79,1730370
YHOO,3/5/2015,10:12:42,43.79,1723433
YHOO,3/5/2015,10:12:12,43.77,1705337
YHOO,3/5/2015,10:11:42,43.76,1693124
YHOO,3/5/2015,10:11:12,43.76,1675768
YHOO,3/5/2015,10:10:42,43.78,1669062
YHOO,3/5/2015,10:10:12,43.78,1650906
YHOO,3/5/2015,10:09:42,43.78,1645780
YHOO,3/5/2015,10:09:12,43.79,1628196
YHOO,3/5/2015,10:08:42,43.82,1603496
YHOO,3/5/2015,10:08:12,43.85,1597269
YHOO,3/5/2015,10:07:42,43.84,1581098
YHOO,3/5/2015,10:07:12,43.85,1557217
YHOO,3/5/2015,10:06:43,43.87,1479089
YHOO,3/5/2015,10:06:12,43.84,1468761
YHOO,3/5/2015,10:05:42,43.82,1430614
YHOO,3/5/2015,10:05:12,43.87,1418175
YHOO,3/5/2015,10:04:42,43.8,1366265
YHOO,3/5/2015,10:04:13,43.78,1341813
YHOO,3/5/2015,10:03:42,43.72,1314058
YHOO,3/5/2015,10:03:12,43.77,1300191
YHOO,3/5/2015,10:02:42,43.71,1268976
YHOO,3/5/2015,10:02:12,43.69,1259126
YHOO,3/5/2015,10:01:42,43.68,1234807
YHOO,3/5/2015,10:01:12,43.64,1218703
YHOO,3/5/2015,10:00:42,43.72,1148905
YHOO,3/5/2015,10:00:13,43.73,1128448
YHOO,3/5/2015,9:59:42,43.71,1100583
YHOO,3/5/2015,9:59:12,43.66,1073946
YHOO,3/5/2015,9:58:42,43.72,1053292
YHOO,3/5/2015,9:58:12,43.66,1026662
YHOO,3/5/2015,9:57:42,43.68,1013663
YHOO,3/5/2015,9:57:12,43.63,1002796
YHOO,3/5/2015,9:56:42,43.63,979001
YHOO,3/5/2015,9:56:12,43.63,940116
YHOO,3/5/2015,9:55:42,43.63,916328
YHOO,3/5/2015,9:55:12,43.6,892200
YHOO,3/5/2015,9:54:42,43.6,864274
YHOO,3/5/2015,9:54:12,43.57,835468
YHOO,3/5/2015,9:53:42,43.54,806832
YHOO,3/5/2015,9:53:13,43.5,777093
YHOO,3/5/2015,9:52:42,43.52,729905
YHOO,3/5/2015,9:52:12,43.6,699406
YHOO,3/5/2015,9:51:42,43.62,669490
YHOO,3/5/2015,9:51:12,43.66,595026
YHOO,3/5/2015,9:50:42,43.73,572029
YHOO,3/5/2015,9:50:12,43.66,530090
YHOO,3/5/2015,9:49:43,43.65,498344
YHOO,3/5/2015,9:49:12,43.68,464920
YHOO,3/5/2015,9:48:42,43.7,407269
YHOO,3/5/2015,9:48:12,43.77,373817
YHOO,3/5/2015,9:47:43,43.82,333891
YHOO,3/5/2015,9:47:12,43.94,293518
YHOO,3/5/2015,9:46:42,43.98,277492
YHOO,3/5/2015,9:46:12,44,233826
YHOO,3/5/2015,9:45:42,44.09,205509
YHOO,3/5/2015,9:45:12,44.1,173822
YHOO,3/5/2015,9:44:43,43.99,46228
YHOO,3/5/2015,9:44:12,43.99,41883
YHOO,3/5/2015,9:43:42,43.99,41883
YHOO,3/5/2015,9:43:12,43.99,39983
YHOO,3/5/2015,9:42:42,43.99,38983
YHOO,3/5/2015,9:42:12,43.99,38783
YHOO,3/5/2015,9:41:42,43.99,38483
YHOO,3/5/2015,9:41:12,43.99,38183
YHOO,3/5/2015,9:40:42,43.99,38183
YHOO,3/5/2015,9:40:12,43.99,34443
YHOO,3/5/2015,9:39:42,43.99,34443
YHOO,3/5/2015,9:39:12,43.99,32808
YHOO,3/5/2015,9:38:43,43.99,32808
YHOO,3/5/2015,9:38:12,43.99,32808
YHOO,3/5/2015,9:37:42,43.99,32808
YHOO,3/5/2015,9:37:12,43.99,32808
YHOO,3/5/2015,9:36:42,43.99,32808
YHOO,3/5/2015,9:36:12,43.99,32808
YHOO,3/5/2015,9:35:42,43.99,32808
YHOO,3/5/2015,9:35:12,43.99,32808
YHOO,3/5/2015,9:34:42,43.99,32793
YHOO,3/5/2015,9:34:12,43.99,32793
YHOO,3/5/2015,9:33:42,43.99,32793
YHOO,3/5/2015,9:33:12,43.99,32793
YHOO,3/5/2015,9:32:42,43.99,32793
YHOO,3/5/2015,9:32:12,43.99,31593
YHOO,3/5/2015,9:31:42,43.99,31593
YHOO,3/5/2015,9:31:12,43.99,29393
YHOO,3/5/2015,9:30:42,43.99,29393
YHOO,3/5/2015,9:30:12,43.99,29393
YHOO,3/5/2015,9:29:42,43.99,29393
YHOO,3/5/2015,9:29:12,43.99,29393
YHOO,3/5/2015,9:28:42,43.99,29243
YHOO,3/5/2015,9:28:12,43.99,29243
YHOO,3/5/2015,9:27:42,43.99,29243
YHOO,3/5/2015,9:27:13,43.99,29243
YHOO,3/5/2015,9:26:42,43.99,29243
YHOO,3/5/2015,9:26:12,43.99,29243
YHOO,3/5/2015,9:25:42,43.99,29243
YHOO,3/5/2015,9:25:12,43.99,29243
YHOO,3/5/2015,9:24:42,43.99,29243
YHOO,3/5/2015,9:24:12,43.99,29243
YHOO,3/5/2015,9:23:43,43.99,29243
YHOO,3/5/2015,9:23:12,43.99,29243
YHOO,3/5/2015,9:22:42,43.99,29243
YHOO,3/5/2015,9:22:14,43.99,28943
YHOO,3/5/2015,9:21:42,43.99,28943
YHOO,3/5/2015,9:21:12,43.99,28943
YHOO,3/5/2015,9:20:42,43.99,28943
YHOO,3/5/2015,9:20:12,43.99,28943
YHOO,3/5/2015,9:19:42,43.99,28943
YHOO,3/5/2015,9:19:12,43.99,28943
YHOO,3/5/2015,9:18:42,43.99,28843
YHOO,3/5/2015,9:18:12,43.99,28843
YHOO,3/5/2015,9:17:43,43.99,28843
YHOO,3/5/2015,9:17:12,43.99,28843
YHOO,3/5/2015,9:16:42,43.99,28843
YHOO,3/5/2015,9:16:12,43.99,28843
YHOO,3/5/2015,9:15:42,43.99,28843
YHOO,3/5/2015,9:15:12,43.99,28343
YHOO,3/5/2015,9:14:42,43.99,26880
YHOO,3/5/2015,9:14:12,43.99,26880
YHOO,3/5/2015,9:13:42,43.99,26780
YHOO,3/5/2015,9:13:12,43.99,26780
YHOO,3/5/2015,9:12:42,43.99,26780
YHOO,3/5/2015,9:12:12,43.99,26780
YHOO,3/5/2015,9:11:42,43.99,26780
YHOO,3/5/2015,9:11:12,43.99,26780
YHOO,3/5/2015,9:10:42,43.99,26780
YHOO,3/5/2015,9:10:12,43.99,26780
YHOO,3/5/2015,9:09:42,43.99,26780
YHOO,3/5/2015,9:09:12,43.99,26780
YHOO,3/5/2015,9:08:42,43.99,26380
YHOO,3/5/2015,9:08:12,43.99,21380
YHOO,3/5/2015,9:07:42,43.99,21380
YHOO,3/5/2015,9:07:12,43.99,16300
YHOO,3/5/2015,9:06:42,43.99,16100
YHOO,3/5/2015,9:06:12,43.99,11100
YHOO,3/5/2015,9:05:42,43.99,11100
YHOO,3/5/2015,9:05:12,43.99,11100
YHOO,3/5/2015,9:04:42,43.99,6000
YHOO,3/5/2015,9:04:12,43.99,6000
YHOO,3/5/2015,9:03:42,43.99,6000
YHOO,3/5/2015,9:03:12,43.99,3000
YHOO,3/5/2015,9:02:42,43.99,3000
YHOO,3/5/2015,9:02:14,43.99,3000
YHOO,3/5/2015,9:01:42,43.99,2700
YHOO,3/5/2015,9:01:12,43.99,0
YHOO,3/5/2015,9:00:42,43.99,0
YHOO,3/5/2015,9:00:12,43.99,30123152
YHOO,3/5/2015,8:59:42,43.99,30122928
YHOO,3/5/2015,8:59:12,43.99,30122928
YHOO,3/5/2015,8:58:42,43.99,30122928
YHOO,3/5/2015,8:58:12,43.99,30122028
YHOO,3/5/2015,8:57:42,43.99,30120028
YHOO,3/5/2015,8:57:12,43.99,30120028
YHOO,3/5/2015,8:56:42,43.99,30120028
YHOO,3/5/2015,8:56:12,43.99,30119928
YHOO,3/5/2015,8:55:43,43.99,30119928
YHOO,3/5/2015,8:55:12,43.99,30119928
YHOO,3/5/2015,8:54:42,43.99,30119928
YHOO,3/5/2015,8:54:12,43.99,30119928
YHOO,3/5/2015,8:53:42,43.99,30119748
YHOO,3/5/2015,8:53:12,43.99,30119748
YHOO,3/5/2015,8:52:42,43.99,30119748
