symbol,date,time,price,volume
GOOG,3/5/2015,20:47:42,575.33,1385818
GOOG,3/5/2015,20:47:13,575.33,1385818
GOOG,3/5/2015,20:46:42,575.33,1385818
GOOG,3/5/2015,20:46:12,575.33,1385818
GOOG,3/5/2015,20:45:42,575.33,1385818
GOOG,3/5/2015,20:45:12,575.33,1385818
GOOG,3/5/2015,20:44:42,575.33,1385818
GOOG,3/5/2015,20:44:12,575.33,1385818
GOOG,3/5/2015,20:43:42,575.33,1385818
GOOG,3/5/2015,20:43:12,575.33,1385818
GOOG,3/5/2015,20:42:43,575.33,1385818
GOOG,3/5/2015,20:42:12,575.33,1385818
GOOG,3/5/2015,20:41:43,575.33,1385818
GOOG,3/5/2015,20:41:12,575.33,1385818
GOOG,3/5/2015,20:40:42,575.33,1385818
GOOG,3/5/2015,20:40:12,575.33,1385818
GOOG,3/5/2015,20:39:42,575.33,1385818
GOOG,3/5/2015,20:39:12,575.33,1385818
GOOG,3/5/2015,20:38:42,575.33,1385818
GOOG,3/5/2015,20:38:12,575.33,1385818
GOOG,3/5/2015,20:37:42,575.33,1385818
GOOG,3/5/2015,20:37:12,575.33,1385818
GOOG,3/5/2015,20:36:42,575.33,1385818
GOOG,3/5/2015,20:36:12,575.33,1385818
GOOG,3/5/2015,20:35:42,575.33,1385818
GOOG,3/5/2015,20:35:12,575.33,1385818
GOOG,3/5/2015,20:34:42,575.33,1385818
GOOG,3/5/2015,20:34:15,575.33,1385818
GOOG,3/5/2015,20:33:42,575.33,1385818
GOOG,3/5/2015,20:33:12,575.33,1385818
GOOG,3/5/2015,20:32:42,575.33,1385818
GOOG,3/5/2015,20:32:12,575.33,1385818
GOOG,3/5/2015,20:31:43,575.33,1385818
GOOG,3/5/2015,20:31:12,575.33,1385818
GOOG,3/5/2015,20:30:42,575.33,1385818
GOOG,3/5/2015,20:30:12,575.33,1385818
GOOG,3/5/2015,20:29:42,575.33,1385818
GOOG,3/5/2015,20:29:12,575.33,1385818
GOOG,3/5/2015,20:28:42,575.33,1385818
GOOG,3/5/2015,20:28:12,575.33,1385818
GOOG,3/5/2015,20:27:42,575.33,1385818
GOOG,3/5/2015,20:27:12,575.33,1385818
GOOG,3/5/2015,20:26:42,575.33,1385818
GOOG,3/5/2015,20:26:12,575.33,1385818
GOOG,3/5/2015,20:25:42,575.33,1385818
GOOG,3/5/2015,20:25:12,575.33,1385818
GOOG,3/5/2015,20:24:42,575.33,1385818
GOOG,3/5/2015,20:24:12,575.33,1385818
GOOG,3/5/2015,20:23:42,575.33,1385818
GOOG,3/5/2015,20:23:12,575.33,1385818
GOOG,3/5/2015,20:22:42,575.33,1385818
GOOG,3/5/2015,20:22:12,575.33,1385818
GOOG,3/5/2015,20:21:42,575.33,1385818
GOOG,3/5/2015,20:21:12,575.33,1385818
GOOG,3/5/2015,20:20:42,575.33,1385818
GOOG,3/5/2015,20:20:12,575.33,1385818
GOOG,3/5/2015,20:19:42,575.33,1385818
GOOG,3/5/2015,20:19:12,575.33,1385818
GOOG,3/5/2015,20:18:42,575.33,1385818
GOOG,3/5/2015,20:18:12,575.33,1385818
GOOG,3/5/2015,20:17:43,575.33,1385818
GOOG,3/5/2015,20:17:12,575.33,1385818
GOOG,3/5/2015,20:16:42,575.33,1385818
GOOG,3/5/2015,20:16:12,575.33,1385818
GOOG,3/5/2015,20:15:42,575.33,1385818
GOOG,3/5/2015,20:15:12,575.33,1385818
GOOG,3/5/2015,20:14:42,575.33,1385818
GOOG,3/5/2015,20:14:12,575.33,1385818
GOOG,3/5/2015,20:13:42,575.33,1385818
GOOG,3/5/2015,20:13:12,575.33,1385818
GOOG,3/5/2015,20:12:42,575.33,1385756
GOOG,3/5/2015,20:12:12,575.33,1385756
GOOG,3/5/2015,20:11:42,575.33,1385756
GOOG,3/5/2015,20:11:12,575.33,1385756
GOOG,3/5/2015,20:10:42,575.33,1385756
GOOG,3/5/2015,20:10:12,575.33,1385756
GOOG,3/5/2015,20:09:42,575.33,1385756
GOOG,3/5/2015,20:09:12,575.33,1385756
GOOG,3/5/2015,20:08:42,575.33,1385756
GOOG,3/5/2015,20:08:12,575.33,1385756
GOOG,3/5/2015,20:07:42,575.33,1385756
GOOG,3/5/2015,20:07:12,575.33,1385756
GOOG,3/5/2015,20:06:42,575.33,1385756
GOOG,3/5/2015,20:06:12,575.33,1385756
GOOG,3/5/2015,20:05:42,575.33,1385756
GOOG,3/5/2015,20:05:12,575.33,1385756
GOOG,3/5/2015,20:04:42,575.33,1385756
GOOG,3/5/2015,20:04:13,575.33,1385756
GOOG,3/5/2015,20:03:42,575.33,1385756
GOOG,3/5/2015,20:03:13,575.33,1385756
GOOG,3/5/2015,20:02:42,575.33,1385756
GOOG,3/5/2015,20:02:15,575.33,1385756
GOOG,3/5/2015,20:01:42,575.33,1385756
GOOG,3/5/2015,20:01:13,575.33,1385756
GOOG,3/5/2015,20:00:43,575.33,1385756
GOOG,3/5/2015,20:00:16,575.33,1385756
GOOG,3/5/2015,19:59:42,575.33,1385756
GOOG,3/5/2015,19:59:12,575.33,1385756
GOOG,3/5/2015,19:58:42,575.33,1385756
GOOG,3/5/2015,19:58:12,575.33,1385756
GOOG,3/5/2015,19:57:42,575.33,1385756
GOOG,3/5/2015,19:57:13,575.33,1385756
GOOG,3/5/2015,19:56:42,575.33,1385756
GOOG,3/5/2015,19:56:12,575.33,1385756
GOOG,3/5/2015,19:55:42,575.33,1385756
GOOG,3/5/2015,19:55:12,575.33,1385756
GOOG,3/5/2015,19:54:42,575.33,1385756
GOOG,3/5/2015,19:54:12,575.33,1385756
GOOG,3/5/2015,19:53:43,575.33,1385756
GOOG,3/5/2015,19:53:12,575.33,1385756
GOOG,3/5/2015,19:52:42,575.33,1385756
GOOG,3/5/2015,19:52:12,575.33,1385756
GOOG,3/5/2015,19:51:42,575.33,1385756
GOOG,3/5/2015,19:51:12,575.33,1385756
GOOG,3/5/2015,19:50:42,575.33,1385756
GOOG,3/5/2015,19:50:12,575.33,1385756
GOOG,3/5/2015,19:49:42,575.33,1385756
GOOG,3/5/2015,19:49:12,575.33,1385756
GOOG,3/5/2015,19:48:42,575.33,1385756
GOOG,3/5/2015,19:48:12,575.33,1385756
GOOG,3/5/2015,19:47:42,575.33,1385756
GOOG,3/5/2015,19:47:12,575.33,1385756
GOOG,3/5/2015,19:46:43,575.33,1385746
GOOG,3/5/2015,19:46:12,575.33,1385746
GOOG,3/5/2015,19:45:42,575.33,1385746
GOOG,3/5/2015,19:45:12,575.33,1385746
GOOG,3/5/2015,19:44:43,575.33,1385746
GOOG,3/5/2015,19:44:12,575.33,1385746
GOOG,3/5/2015,19:43:43,575.33,1385746
GOOG,3/5/2015,19:43:12,575.33,1385746
GOOG,3/5/2015,19:42:42,575.33,1385746
GOOG,3/5/2015,19:42:13,575.33,1385746
GOOG,3/5/2015,19:41:42,575.33,1385746
GOOG,3/5/2015,19:41:12,575.33,1385746
GOOG,3/5/2015,19:40:42,575.33,1385746
GOOG,3/5/2015,19:40:12,575.33,1385746
GOOG,3/5/2015,19:39:42,575.33,1385746
GOOG,3/5/2015,19:39:12,575.33,1385746
GOOG,3/5/2015,19:38:42,575.33,1385746
GOOG,3/5/2015,19:38:12,575.33,1385746
GOOG,3/5/2015,19:37:42,575.33,1385746
GOOG,3/5/2015,19:37:12,575.33,1385746
GOOG,3/5/2015,19:36:42,575.33,1385746
GOOG,3/5/2015,19:36:12,575.33,1385746
GOOG,3/5/2015,19:35:42,575.33,1385746
GOOG,3/5/2015,19:35:12,575.33,1385746
GOOG,3/5/2015,19:34:42,575.33,1385746
GOOG,3/5/2015,19:34:12,575.33,1385746
GOOG,3/5/2015,19:33:42,575.33,1385746
GOOG,3/5/2015,19:33:12,575.33,1385746
GOOG,3/5/2015,19:32:42,575.33,1385746
GOOG,3/5/2015,19:32:12,575.33,1385746
GOOG,3/5/2015,19:31:42,575.33,1385746
GOOG,3/5/2015,19:31:12,575.33,1385746
GOOG,3/5/2015,19:30:42,575.33,1385746
GOOG,3/5/2015,19:30:12,575.33,1385746
GOOG,3/5/2015,19:29:42,575.33,1385746
GOOG,3/5/2015,19:29:13,575.33,1385746
GOOG,3/5/2015,19:28:42,575.33,1385746
GOOG,3/5/2015,19:28:12,575.33,1385708
GOOG,3/5/2015,19:27:42,575.33,1385708
GOOG,3/5/2015,19:27:12,575.33,1385708
GOOG,3/5/2015,19:26:42,575.33,1385708
GOOG,3/5/2015,19:26:12,575.33,1385708
GOOG,3/5/2015,19:25:42,575.33,1385708
GOOG,3/5/2015,19:25:13,575.33,1385708
GOOG,3/5/2015,19:24:42,575.33,1385708
GOOG,3/5/2015,19:24:12,575.33,1385708
GOOG,3/5/2015,19:23:42,575.33,1385708
GOOG,3/5/2015,19:23:12,575.33,1385708
GOOG,3/5/2015,19:22:42,575.33,1385708
GOOG,3/5/2015,19:22:12,575.33,1385708
GOOG,3/5/2015,19:21:42,575.33,1385708
GOOG,3/5/2015,19:21:12,575.33,1385708
GOOG,3/5/2015,19:20:42,575.33,1385708
GOOG,3/5/2015,19:20:12,575.33,1385708
GOOG,3/5/2015,19:19:42,575.33,1385708
GOOG,3/5/2015,19:19:12,575.33,1385708
GOOG,3/5/2015,19:18:42,575.33,1385708
GOOG,3/5/2015,19:18:12,575.33,1385708
GOOG,3/5/2015,19:17:42,575.33,1385708
GOOG,3/5/2015,19:17:12,575.33,1385708
GOOG,3/5/2015,19:16:42,575.33,1385708
GOOG,3/5/2015,19:16:12,575.33,1385708
GOOG,3/5/2015,19:15:42,575.33,1385708
GOOG,3/5/2015,19:15:12,575.33,1385708
GOOG,3/5/2015,19:14:42,575.33,1385708
GOOG,3/5/2015,19:14:12,575.33,1385708
GOOG,3/5/2015,19:13:42,575.33,1385708
GOOG,3/5/2015,19:13:12,575.33,1385708
GOOG,3/5/2015,19:12:42,575.33,1385708
GOOG,3/5/2015,19:12:12,575.33,1385708
GOOG,3/5/2015,19:11:42,575.33,1385708
GOOG,3/5/2015,19:11:12,575.33,1385708
GOOG,3/5/2015,19:10:42,575.33,1385708
GOOG,3/5/2015,19:10:12,575.33,1385708
GOOG,3/5/2015,19:09:43,575.33,1385708
GOOG,3/5/2015,19:09:12,575.33,1385708
GOOG,3/5/2015,19:08:43,575.33,1385708
GOOG,3/5/2015,19:08:12,575.33,1385708
GOOG,3/5/2015,19:07:42,575.33,1385708
GOOG,3/5/2015,19:07:12,575.33,1385708
GOOG,3/5/2015,19:06:42,575.33,1385708
GOOG,3/5/2015,19:06:12,575.33,1385708
GOOG,3/5/2015,19:05:42,575.33,1385708
GOOG,3/5/2015,19:05:12,575.33,1385708
GOOG,3/5/2015,19:04:42,575.33,1385708
GOOG,3/5/2015,19:04:12,575.33,1385708
GOOG,3/5/2015,19:03:42,575.33,1385708
GOOG,3/5/2015,19:03:12,575.33,1385708
GOOG,3/5/2015,19:02:42,575.33,1385708
GOOG,3/5/2015,19:02:12,575.33,1385708
GOOG,3/5/2015,19:01:42,575.33,1385708
GOOG,3/5/2015,19:01:12,575.33,1385708
GOOG,3/5/2015,19:00:42,575.33,1385708
GOOG,3/5/2015,19:00:12,575.33,1385708
GOOG,3/5/2015,18:59:42,575.33,1385708
GOOG,3/5/2015,18:59:12,575.33,1385708
GOOG,3/5/2015,18:58:42,575.33,1385708
GOOG,3/5/2015,18:58:12,575.33,1385708
GOOG,3/5/2015,18:57:42,575.33,1385708
GOOG,3/5/2015,18:57:12,575.33,1385708
GOOG,3/5/2015,18:56:42,575.33,1385708
GOOG,3/5/2015,18:56:12,575.33,1385708
GOOG,3/5/2015,18:55:42,575.33,1385708
GOOG,3/5/2015,18:55:12,575.33,1385708
GOOG,3/5/2015,18:54:42,575.33,1385708
GOOG,3/5/2015,18:54:12,575.33,1385708
GOOG,3/5/2015,18:53:42,575.33,1385708
GOOG,3/5/2015,18:53:12,575.33,1385708
GOOG,3/5/2015,18:52:42,575.33,1385708
GOOG,3/5/2015,18:52:12,575.33,1385708
GOOG,3/5/2015,18:51:42,575.33,1385708
GOOG,3/5/2015,18:51:12,575.33,1385704
GOOG,3/5/2015,18:50:42,575.33,1385704
GOOG,3/5/2015,18:50:12,575.33,1385704
GOOG,3/5/2015,18:49:42,575.33,1385704
GOOG,3/5/2015,18:49:12,575.33,1385704
GOOG,3/5/2015,18:48:42,575.33,1385704
GOOG,3/5/2015,18:48:12,575.33,1385704
GOOG,3/5/2015,18:47:42,575.33,1385704
GOOG,3/5/2015,18:47:12,575.33,1385704
GOOG,3/5/2015,18:46:42,575.33,1385704
GOOG,3/5/2015,18:46:12,575.33,1385704
GOOG,3/5/2015,18:45:42,575.33,1385704
GOOG,3/5/2015,18:45:12,575.33,1385704
GOOG,3/5/2015,18:44:42,575.33,1385704
GOOG,3/5/2015,18:44:12,575.33,1385704
GOOG,3/5/2015,18:43:42,575.33,1385704
GOOG,3/5/2015,18:43:12,575.33,1385704
GOOG,3/5/2015,18:42:42,575.33,1385704
GOOG,3/5/2015,18:42:12,575.33,1385704
GOOG,3/5/2015,18:41:42,575.33,1385704
GOOG,3/5/2015,18:41:12,575.33,1385704
GOOG,3/5/2015,18:40:43,575.33,1385704
GOOG,3/5/2015,18:40:12,575.33,1385704
GOOG,3/5/2015,18:39:42,575.33,1385704
GOOG,3/5/2015,18:39:12,575.33,1385704
GOOG,3/5/2015,18:38:42,575.33,1385704
GOOG,3/5/2015,18:38:14,575.33,1385704
GOOG,3/5/2015,18:37:42,575.33,1385704
GOOG,3/5/2015,18:37:12,575.33,1385704
GOOG,3/5/2015,18:36:42,575.33,1385694
GOOG,3/5/2015,18:36:12,575.33,1385694
GOOG,3/5/2015,18:35:42,575.33,1385694
GOOG,3/5/2015,18:35:12,575.33,1385694
GOOG,3/5/2015,18:34:42,575.33,1385694
GOOG,3/5/2015,18:34:13,575.33,1385694
GOOG,3/5/2015,18:33:43,575.33,1385694
GOOG,3/5/2015,18:33:12,575.33,1385694
GOOG,3/5/2015,18:32:42,575.33,1385694
GOOG,3/5/2015,18:32:12,575.33,1385694
GOOG,3/5/2015,18:31:42,575.33,1385694
GOOG,3/5/2015,18:31:15,575.33,1385694
GOOG,3/5/2015,18:30:42,575.33,1385694
GOOG,3/5/2015,18:30:12,575.33,1385694
GOOG,3/5/2015,18:29:42,575.33,1385694
GOOG,3/5/2015,18:29:12,575.33,1385694
GOOG,3/5/2015,18:28:43,575.33,1385694
GOOG,3/5/2015,18:28:12,575.33,1385694
GOOG,3/5/2015,18:27:42,575.33,1385694
GOOG,3/5/2015,18:27:12,575.33,1385694
GOOG,3/5/2015,18:26:42,575.33,1385694
GOOG,3/5/2015,18:26:12,575.33,1385694
GOOG,3/5/2015,18:25:42,575.33,1385694
GOOG,3/5/2015,18:25:12,575.33,1385694
GOOG,3/5/2015,18:24:43,575.33,1385694
GOOG,3/5/2015,18:24:12,575.33,1385694
GOOG,3/5/2015,18:23:46,575.33,1385694
GOOG,3/5/2015,18:23:12,575.33,1385694
GOOG,3/5/2015,18:22:42,575.33,1385694
GOOG,3/5/2015,18:22:12,575.33,1385694
GOOG,3/5/2015,18:21:42,575.33,1385694
GOOG,3/5/2015,18:21:12,575.33,1385694
GOOG,3/5/2015,18:20:42,575.33,1385694
GOOG,3/5/2015,18:20:12,575.33,1385694
GOOG,3/5/2015,18:19:42,575.33,1385694
GOOG,3/5/2015,18:19:12,575.33,1385694
GOOG,3/5/2015,18:18:42,575.33,1385694
GOOG,3/5/2015,18:18:12,575.33,1385694
GOOG,3/5/2015,18:17:42,575.33,1385694
GOOG,3/5/2015,18:17:12,575.33,1385694
GOOG,3/5/2015,18:16:42,575.33,1385694
GOOG,3/5/2015,18:16:12,575.33,1385694
GOOG,3/5/2015,18:15:42,575.33,1385694
GOOG,3/5/2015,18:15:12,575.33,1385694
GOOG,3/5/2015,18:14:42,575.33,1385694
GOOG,3/5/2015,18:14:12,575.33,1385694
GOOG,3/5/2015,18:13:42,575.33,1385694
GOOG,3/5/2015,18:13:12,575.33,1385694
GOOG,3/5/2015,18:12:42,575.33,1385694
GOOG,3/5/2015,18:12:12,575.33,1385694
GOOG,3/5/2015,18:11:42,575.33,1385694
GOOG,3/5/2015,18:11:12,575.33,1385694
GOOG,3/5/2015,18:10:42,575.33,1385694
GOOG,3/5/2015,18:10:12,575.33,1385694
GOOG,3/5/2015,18:09:42,575.33,1385694
GOOG,3/5/2015,18:09:12,575.33,1385694
GOOG,3/5/2015,18:08:43,575.33,1385694
GOOG,3/5/2015,18:08:12,575.33,1385694
GOOG,3/5/2015,18:07:42,575.33,1385694
GOOG,3/5/2015,18:07:12,575.33,1385694
GOOG,3/5/2015,18:06:42,575.33,1385694
GOOG,3/5/2015,18:06:13,575.33,1385694
GOOG,3/5/2015,18:05:42,575.33,1385694
GOOG,3/5/2015,18:05:12,575.33,1385694
GOOG,3/5/2015,18:04:42,575.33,1385694
GOOG,3/5/2015,18:04:12,575.33,1385694
GOOG,3/5/2015,18:03:42,575.33,1385694
GOOG,3/5/2015,18:03:12,575.33,1385694
GOOG,3/5/2015,18:02:42,575.33,1385694
GOOG,3/5/2015,18:02:12,575.33,1385694
GOOG,3/5/2015,18:01:42,575.33,1385694
GOOG,3/5/2015,18:01:12,575.33,1385694
GOOG,3/5/2015,18:00:42,575.33,1385694
GOOG,3/5/2015,18:00:13,575.33,1385694
GOOG,3/5/2015,17:59:42,575.33,1385694
GOOG,3/5/2015,17:59:14,575.33,1385694
GOOG,3/5/2015,17:58:42,575.33,1385694
GOOG,3/5/2015,17:58:12,575.33,1385694
GOOG,3/5/2015,17:57:42,575.33,1385694
GOOG,3/5/2015,17:57:12,575.33,1385694
GOOG,3/5/2015,17:56:42,575.33,1385694
GOOG,3/5/2015,17:56:12,575.33,1385694
GOOG,3/5/2015,17:55:42,575.33,1385694
GOOG,3/5/2015,17:55:12,575.33,1385694
GOOG,3/5/2015,17:54:42,575.33,1385694
GOOG,3/5/2015,17:54:12,575.33,1385694
GOOG,3/5/2015,17:53:42,575.33,1385694
GOOG,3/5/2015,17:53:12,575.33,1385694
GOOG,3/5/2015,17:52:42,575.33,1385694
GOOG,3/5/2015,17:52:13,575.33,1385694
GOOG,3/5/2015,17:51:42,575.33,1385694
GOOG,3/5/2015,17:51:12,575.33,1385694
GOOG,3/5/2015,17:50:42,575.33,1385694
GOOG,3/5/2015,17:50:12,575.33,1385694
GOOG,3/5/2015,17:49:42,575.33,1385694
GOOG,3/5/2015,17:49:12,575.33,1385694
GOOG,3/5/2015,17:48:42,575.33,1385694
GOOG,3/5/2015,17:48:12,575.33,1385694
GOOG,3/5/2015,17:47:42,575.33,1385694
GOOG,3/5/2015,17:47:12,575.33,1385694
GOOG,3/5/2015,17:46:42,575.33,1385694
GOOG,3/5/2015,17:46:12,575.33,1385694
GOOG,3/5/2015,17:45:42,575.33,1385694
GOOG,3/5/2015,17:45:12,575.33,1385303
GOOG,3/5/2015,17:44:42,575.33,1385303
GOOG,3/5/2015,17:44:12,575.33,1385303
GOOG,3/5/2015,17:43:42,575.33,1385303
GOOG,3/5/2015,17:43:12,575.33,1385303
GOOG,3/5/2015,17:42:42,575.33,1385303
GOOG,3/5/2015,17:42:12,575.33,1385303
GOOG,3/5/2015,17:41:42,575.33,1385303
GOOG,3/5/2015,17:41:12,575.33,1385303
GOOG,3/5/2015,17:40:42,575.33,1385303
GOOG,3/5/2015,17:40:12,575.33,1385303
GOOG,3/5/2015,17:39:42,575.33,1385303
GOOG,3/5/2015,17:39:12,575.33,1385303
GOOG,3/5/2015,17:38:42,575.33,1385303
GOOG,3/5/2015,17:38:12,575.33,1385303
GOOG,3/5/2015,17:37:42,575.33,1385303
GOOG,3/5/2015,17:37:12,575.33,1385303
GOOG,3/5/2015,17:36:43,575.33,1385303
GOOG,3/5/2015,17:36:12,575.33,1385303
GOOG,3/5/2015,17:35:42,575.33,1385303
GOOG,3/5/2015,17:35:12,575.33,1385303
GOOG,3/5/2015,17:34:42,575.33,1385303
GOOG,3/5/2015,17:34:12,575.33,1385303
GOOG,3/5/2015,17:33:42,575.33,1385303
GOOG,3/5/2015,17:33:13,575.33,1385303
GOOG,3/5/2015,17:32:42,575.33,1385303
GOOG,3/5/2015,17:32:12,575.33,1385303
GOOG,3/5/2015,17:31:42,575.33,1385303
GOOG,3/5/2015,17:31:12,575.33,1385303
GOOG,3/5/2015,17:30:42,575.33,1385303
GOOG,3/5/2015,17:30:12,575.33,1385303
GOOG,3/5/2015,17:29:42,575.33,1385303
GOOG,3/5/2015,17:29:12,575.33,1385303
GOOG,3/5/2015,17:28:42,575.33,1385303
GOOG,3/5/2015,17:28:12,575.33,1385303
GOOG,3/5/2015,17:27:42,575.33,1385303
GOOG,3/5/2015,17:27:12,575.33,1385303
GOOG,3/5/2015,17:26:42,575.33,1385303
GOOG,3/5/2015,17:26:13,575.33,1385303
GOOG,3/5/2015,17:25:42,575.33,1385303
GOOG,3/5/2015,17:25:12,575.33,1385303
GOOG,3/5/2015,17:24:42,575.33,1385303
GOOG,3/5/2015,17:24:12,575.33,1385303
GOOG,3/5/2015,17:23:42,575.33,1385303
GOOG,3/5/2015,17:23:12,575.33,1385303
GOOG,3/5/2015,17:22:42,575.33,1385303
GOOG,3/5/2015,17:22:12,575.33,1385303
GOOG,3/5/2015,17:21:42,575.33,1385303
GOOG,3/5/2015,17:21:12,575.33,1385303
GOOG,3/5/2015,17:20:42,575.33,1385303
GOOG,3/5/2015,17:20:12,575.33,1385303
GOOG,3/5/2015,17:19:42,575.33,1385303
GOOG,3/5/2015,17:19:12,575.33,1385303
GOOG,3/5/2015,17:18:42,575.33,1385303
GOOG,3/5/2015,17:18:12,575.33,1385303
GOOG,3/5/2015,17:17:42,575.33,1385303
GOOG,3/5/2015,17:17:12,575.33,1385303
GOOG,3/5/2015,17:16:42,575.33,1385303
GOOG,3/5/2015,17:16:12,575.33,1385303
GOOG,3/5/2015,17:15:42,575.33,1385303
GOOG,3/5/2015,17:15:13,575.33,1385303
GOOG,3/5/2015,17:14:42,575.33,1385303
GOOG,3/5/2015,17:14:12,575.33,1385303
GOOG,3/5/2015,17:13:42,575.33,1385303
GOOG,3/5/2015,17:13:12,575.33,1385303
GOOG,3/5/2015,17:12:42,575.33,1385303
GOOG,3/5/2015,17:12:12,575.33,1385303
GOOG,3/5/2015,17:11:42,575.33,1385303
GOOG,3/5/2015,17:11:12,575.33,1385303
GOOG,3/5/2015,17:10:42,575.33,1385303
GOOG,3/5/2015,17:10:12,575.33,1385303
GOOG,3/5/2015,17:09:42,575.33,1385303
GOOG,3/5/2015,17:09:12,575.33,1383953
GOOG,3/5/2015,17:08:42,575.33,1382983
GOOG,3/5/2015,17:08:13,575.33,1382983
GOOG,3/5/2015,17:07:42,575.33,1382983
GOOG,3/5/2015,17:07:12,575.33,1382983
GOOG,3/5/2015,17:06:42,575.33,1382983
GOOG,3/5/2015,17:06:12,575.33,1382983
GOOG,3/5/2015,17:05:42,575.33,1382983
GOOG,3/5/2015,17:05:12,575.33,1382983
GOOG,3/5/2015,17:04:42,575.33,1382983
GOOG,3/5/2015,17:04:12,575.33,1382983
GOOG,3/5/2015,17:03:43,575.33,1382983
GOOG,3/5/2015,17:03:12,575.33,1382983
GOOG,3/5/2015,17:02:42,575.33,1382983
GOOG,3/5/2015,17:02:12,575.33,1382983
GOOG,3/5/2015,17:01:42,575.33,1382983
GOOG,3/5/2015,17:01:12,575.33,1382983
GOOG,3/5/2015,17:00:42,575.33,1382983
GOOG,3/5/2015,17:00:12,575.33,1382983
GOOG,3/5/2015,16:59:42,575.33,1382983
GOOG,3/5/2015,16:59:13,575.33,1382983
GOOG,3/5/2015,16:58:42,575.33,1382983
GOOG,3/5/2015,16:58:12,575.33,1382983
GOOG,3/5/2015,16:57:42,575.33,1382983
GOOG,3/5/2015,16:57:12,575.33,1382983
GOOG,3/5/2015,16:56:42,575.33,1382983
GOOG,3/5/2015,16:56:12,575.33,1382983
GOOG,3/5/2015,16:55:42,575.33,1382983
GOOG,3/5/2015,16:55:12,575.33,1382983
GOOG,3/5/2015,16:54:42,575.33,1382983
GOOG,3/5/2015,16:54:12,575.33,1382983
GOOG,3/5/2015,16:53:42,575.33,1382983
GOOG,3/5/2015,16:53:12,575.33,1382983
GOOG,3/5/2015,16:52:42,575.33,1382983
GOOG,3/5/2015,16:52:12,575.33,1382983
GOOG,3/5/2015,16:51:42,575.33,1377604
GOOG,3/5/2015,16:51:12,575.33,1377504
GOOG,3/5/2015,16:50:42,575.33,1377304
GOOG,3/5/2015,16:50:12,575.33,1376804
GOOG,3/5/2015,16:49:42,575.33,1376804
GOOG,3/5/2015,16:49:12,575.33,1376804
GOOG,3/5/2015,16:48:44,575.33,1376804
GOOG,3/5/2015,16:48:12,575.33,1376704
GOOG,3/5/2015,16:47:42,575.33,1376644
GOOG,3/5/2015,16:47:12,575.33,1376644
GOOG,3/5/2015,16:46:42,575.33,1376344
GOOG,3/5/2015,16:46:12,575.33,1376174
GOOG,3/5/2015,16:45:45,575.33,1376084
GOOG,3/5/2015,16:45:12,575.33,1375784
GOOG,3/5/2015,16:44:42,575.33,1371484
GOOG,3/5/2015,16:44:12,575.33,1371368
GOOG,3/5/2015,16:43:42,575.33,1371368
GOOG,3/5/2015,16:43:12,575.33,1371368
GOOG,3/5/2015,16:42:43,575.33,1371368
GOOG,3/5/2015,16:42:12,575.33,1371368
GOOG,3/5/2015,16:41:42,575.33,1368593
GOOG,3/5/2015,16:41:12,575.33,1368593
GOOG,3/5/2015,16:40:42,575.33,1368593
GOOG,3/5/2015,16:40:12,575.33,1368593
GOOG,3/5/2015,16:39:42,575.33,1368593
GOOG,3/5/2015,16:39:12,575.33,1368593
GOOG,3/5/2015,16:38:42,575.33,1368593
GOOG,3/5/2015,16:38:12,575.33,1368593
GOOG,3/5/2015,16:37:42,575.33,1367593
GOOG,3/5/2015,16:37:12,575.33,1367593
GOOG,3/5/2015,16:36:42,575.33,1367593
GOOG,3/5/2015,16:36:12,575.33,1367593
GOOG,3/5/2015,16:35:42,575.33,1367523
GOOG,3/5/2015,16:35:13,575.33,1367523
GOOG,3/5/2015,16:34:42,575.33,1367523
GOOG,3/5/2015,16:34:12,575.33,1367523
GOOG,3/5/2015,16:33:42,575.33,1367523
GOOG,3/5/2015,16:33:12,575.33,1367523
GOOG,3/5/2015,16:32:42,575.33,1367218
GOOG,3/5/2015,16:32:12,575.33,1367218
GOOG,3/5/2015,16:31:42,575.33,1367218
GOOG,3/5/2015,16:31:12,575.33,1367218
GOOG,3/5/2015,16:30:42,575.33,1367125
GOOG,3/5/2015,16:30:12,575.33,1367125
GOOG,3/5/2015,16:29:42,575.33,1367125
GOOG,3/5/2015,16:29:12,575.33,1366146
GOOG,3/5/2015,16:28:42,575.33,1366146
GOOG,3/5/2015,16:28:12,575.33,1366146
GOOG,3/5/2015,16:27:42,575.33,1366146
GOOG,3/5/2015,16:27:12,575.33,1366146
GOOG,3/5/2015,16:26:46,575.33,1366146
GOOG,3/5/2015,16:26:12,575.33,1366146
GOOG,3/5/2015,16:25:42,575.33,1364371
GOOG,3/5/2015,16:25:12,575.33,1364371
GOOG,3/5/2015,16:24:42,575.33,1364371
GOOG,3/5/2015,16:24:12,575.33,1362671
GOOG,3/5/2015,16:23:42,575.33,1362671
GOOG,3/5/2015,16:23:12,575.33,1362671
GOOG,3/5/2015,16:22:42,575.33,1362671
GOOG,3/5/2015,16:22:12,575.33,1362671
GOOG,3/5/2015,16:21:42,575.33,1362671
GOOG,3/5/2015,16:21:12,575.33,1362671
GOOG,3/5/2015,16:20:42,575.33,1362671
GOOG,3/5/2015,16:20:12,575.33,1362671
GOOG,3/5/2015,16:19:42,575.33,1362271
GOOG,3/5/2015,16:19:12,575.33,1362021
GOOG,3/5/2015,16:18:42,575.33,1362021
GOOG,3/5/2015,16:18:12,575.33,1362021
GOOG,3/5/2015,16:17:42,575.33,1362021
GOOG,3/5/2015,16:17:12,575.33,1362021
GOOG,3/5/2015,16:16:42,575.33,1362021
GOOG,3/5/2015,16:16:12,575.33,1362021
GOOG,3/5/2015,16:15:42,575.33,1360921
GOOG,3/5/2015,16:15:12,575.33,1355576
GOOG,3/5/2015,16:14:42,575.44,1287894
GOOG,3/5/2015,16:14:12,575.45,1281143
GOOG,3/5/2015,16:13:42,575.46,1271080
GOOG,3/5/2015,16:13:12,575.33,1265305
GOOG,3/5/2015,16:12:42,575.36,1258628
GOOG,3/5/2015,16:12:12,575.49,1254619
GOOG,3/5/2015,16:11:42,575.43,1254438
GOOG,3/5/2015,16:11:12,575.46,1252385
GOOG,3/5/2015,16:10:42,575.37,1248399
GOOG,3/5/2015,16:10:12,575.59,1240770
GOOG,3/5/2015,16:09:42,575.77,1230446
GOOG,3/5/2015,16:09:12,575.9,1220719
GOOG,3/5/2015,16:08:43,575.91,1220209
GOOG,3/5/2015,16:08:12,575.93,1217256
GOOG,3/5/2015,16:07:42,575.98,1216006
GOOG,3/5/2015,16:07:12,575.84,1214507
GOOG,3/5/2015,16:06:42,575.78,1212392
GOOG,3/5/2015,16:06:12,575.74,1209121
GOOG,3/5/2015,16:05:42,575.8,1208124
GOOG,3/5/2015,16:05:12,575.58,1206452
GOOG,3/5/2015,16:04:42,575.18,1197919
GOOG,3/5/2015,16:04:13,575.18,1197894
GOOG,3/5/2015,16:03:42,575.33,1196840
GOOG,3/5/2015,16:03:12,575.45,1195214
GOOG,3/5/2015,16:02:43,575.46,1194458
GOOG,3/5/2015,16:02:12,575.6,1192587
GOOG,3/5/2015,16:01:42,575.78,1190732
GOOG,3/5/2015,16:01:13,575.51,1187643
GOOG,3/5/2015,16:00:42,575.65,1183104
GOOG,3/5/2015,16:00:13,575.7,1182653
GOOG,3/5/2015,15:59:42,575.7,1181769
GOOG,3/5/2015,15:59:12,575.7,1180637
GOOG,3/5/2015,15:58:42,575.96,1178684
GOOG,3/5/2015,15:58:12,575.98,1177523
GOOG,3/5/2015,15:57:42,575.98,1177455
GOOG,3/5/2015,15:57:12,576.1,1176777
GOOG,3/5/2015,15:56:42,575.97,1174263
GOOG,3/5/2015,15:56:12,575.78,1173089
GOOG,3/5/2015,15:55:42,576.04,1171989
GOOG,3/5/2015,15:55:12,575.97,1171546
GOOG,3/5/2015,15:54:42,575.99,1170513
GOOG,3/5/2015,15:54:12,575.94,1169015
GOOG,3/5/2015,15:53:42,575.91,1168436
GOOG,3/5/2015,15:53:12,575.9,1166819
GOOG,3/5/2015,15:52:42,575.66,1164409
GOOG,3/5/2015,15:52:12,575.74,1163204
GOOG,3/5/2015,15:51:42,575.52,1162582
GOOG,3/5/2015,15:51:12,575.52,1162516
GOOG,3/5/2015,15:50:42,575.19,1161767
GOOG,3/5/2015,15:50:12,575.24,1161538
GOOG,3/5/2015,15:49:42,575.16,1160871
GOOG,3/5/2015,15:49:12,575.21,1159759
GOOG,3/5/2015,15:48:43,575.21,1159652
GOOG,3/5/2015,15:48:12,575.41,1158667
GOOG,3/5/2015,15:47:42,575.19,1158471
GOOG,3/5/2015,15:47:12,575.4,1158210
GOOG,3/5/2015,15:46:42,575.29,1155848
GOOG,3/5/2015,15:46:13,575.89,1154435
GOOG,3/5/2015,15:45:42,575.9,1153665
GOOG,3/5/2015,15:45:12,575.93,1151555
GOOG,3/5/2015,15:44:42,575.84,1150202
GOOG,3/5/2015,15:44:12,575.57,1149089
GOOG,3/5/2015,15:43:42,575.75,1148979
GOOG,3/5/2015,15:43:12,575.58,1148814
GOOG,3/5/2015,15:42:42,575.72,1148681
GOOG,3/5/2015,15:42:12,575.91,1147661
GOOG,3/5/2015,15:41:42,576.13,1147442
GOOG,3/5/2015,15:41:12,576.07,1145957
GOOG,3/5/2015,15:40:42,576.05,1145769
GOOG,3/5/2015,15:40:12,576.05,1144663
GOOG,3/5/2015,15:39:42,576.09,1144336
GOOG,3/5/2015,15:39:12,576.06,1143326
GOOG,3/5/2015,15:38:42,575.97,1141386
GOOG,3/5/2015,15:38:12,575.85,1140747
GOOG,3/5/2015,15:37:42,575.84,1139945
GOOG,3/5/2015,15:37:12,575.49,1137276
GOOG,3/5/2015,15:36:42,575.68,1136072
GOOG,3/5/2015,15:36:12,575.46,1135838
GOOG,3/5/2015,15:35:42,575.54,1134072
GOOG,3/5/2015,15:35:12,575.8,1129843
GOOG,3/5/2015,15:34:42,575.73,1127489
GOOG,3/5/2015,15:34:14,575.75,1126787
GOOG,3/5/2015,15:33:42,575.59,1125906
GOOG,3/5/2015,15:33:12,575.61,1123557
GOOG,3/5/2015,15:32:42,575.43,1118230
GOOG,3/5/2015,15:32:13,575.29,1115731
GOOG,3/5/2015,15:31:42,575.07,1114875
GOOG,3/5/2015,15:31:13,575.11,1114105
GOOG,3/5/2015,15:30:42,574.98,1113302
GOOG,3/5/2015,15:30:13,574.53,1112356
GOOG,3/5/2015,15:29:42,574.53,1112287
GOOG,3/5/2015,15:29:12,574.53,1112279
GOOG,3/5/2015,15:28:43,574.53,1112229
GOOG,3/5/2015,15:28:12,574.59,1110435
GOOG,3/5/2015,15:27:42,574.59,1110306
GOOG,3/5/2015,15:27:12,574.51,1109972
GOOG,3/5/2015,15:26:46,574.66,1109651
GOOG,3/5/2015,15:26:13,574.45,1107953
GOOG,3/5/2015,15:25:42,574.55,1107531
GOOG,3/5/2015,15:25:12,574.49,1107385
GOOG,3/5/2015,15:24:42,574.49,1107363
GOOG,3/5/2015,15:24:12,574.49,1107328
GOOG,3/5/2015,15:23:42,574.49,1107303
GOOG,3/5/2015,15:23:12,574.57,1108110
GOOG,3/5/2015,15:22:42,574.72,1106432
GOOG,3/5/2015,15:22:12,575.01,1106119
GOOG,3/5/2015,15:21:42,575.25,1104643
GOOG,3/5/2015,15:21:13,575.25,1104571
GOOG,3/5/2015,15:20:43,575.25,1104536
GOOG,3/5/2015,15:20:12,575.25,1104526
GOOG,3/5/2015,15:19:42,575.14,1104281
GOOG,3/5/2015,15:19:12,575.4,1103823
GOOG,3/5/2015,15:18:42,575.24,1103314
GOOG,3/5/2015,15:18:12,575.3,1103118
GOOG,3/5/2015,15:17:43,575.14,1102717
GOOG,3/5/2015,15:17:12,575.27,1102103
GOOG,3/5/2015,15:16:42,575.65,1097032
GOOG,3/5/2015,15:16:12,575.65,1096695
GOOG,3/5/2015,15:15:42,575.82,1095244
GOOG,3/5/2015,15:15:13,575.78,1095144
GOOG,3/5/2015,15:14:42,575.72,1093093
GOOG,3/5/2015,15:14:12,575.72,1093092
GOOG,3/5/2015,15:13:42,575.9,1092367
GOOG,3/5/2015,15:13:12,575.9,1092237
GOOG,3/5/2015,15:12:42,575.8,1091826
GOOG,3/5/2015,15:12:12,575.69,1091516
GOOG,3/5/2015,15:11:42,576.09,1090375
GOOG,3/5/2015,15:11:12,576,1089880
GOOG,3/5/2015,15:10:45,576.01,1089619
GOOG,3/5/2015,15:10:12,576,1088226
GOOG,3/5/2015,15:09:43,575.73,1085243
GOOG,3/5/2015,15:09:13,575.9,1085040
GOOG,3/5/2015,15:08:42,575.45,1084015
GOOG,3/5/2015,15:08:12,575.2,1083656
GOOG,3/5/2015,15:07:42,575.09,1083237
GOOG,3/5/2015,15:07:12,575.09,1083133
GOOG,3/5/2015,15:06:42,574.82,1079688
GOOG,3/5/2015,15:06:12,574.65,1078222
GOOG,3/5/2015,15:05:42,574.65,1078178
GOOG,3/5/2015,15:05:12,574.66,1077826
GOOG,3/5/2015,15:04:42,574.76,1077279
GOOG,3/5/2015,15:04:12,574.73,1076450
GOOG,3/5/2015,15:03:42,574.73,1076415
GOOG,3/5/2015,15:03:12,574.74,1073445
GOOG,3/5/2015,15:02:42,574.36,1072043
GOOG,3/5/2015,15:02:12,574.6,1071847
GOOG,3/5/2015,15:01:42,574.48,1071738
GOOG,3/5/2015,15:01:14,574.26,1070910
GOOG,3/5/2015,15:00:42,574.51,1070242
GOOG,3/5/2015,15:00:12,574.51,1070238
GOOG,3/5/2015,14:59:42,574.76,1068261
GOOG,3/5/2015,14:59:12,574.76,1068229
GOOG,3/5/2015,14:58:42,574.95,1065377
GOOG,3/5/2015,14:58:12,574.8,1064217
GOOG,3/5/2015,14:57:42,574.91,1063943
GOOG,3/5/2015,14:57:12,574.91,1063900
GOOG,3/5/2015,14:56:42,574.91,1063869
GOOG,3/5/2015,14:56:12,574.59,1063229
GOOG,3/5/2015,14:55:42,574.59,1062949
GOOG,3/5/2015,14:55:12,574.6,1062646
GOOG,3/5/2015,14:54:42,574.56,1062425
GOOG,3/5/2015,14:54:12,574.48,1061706
GOOG,3/5/2015,14:53:42,574.48,1061615
GOOG,3/5/2015,14:53:12,574.35,1061405
GOOG,3/5/2015,14:52:42,574.37,1060385
GOOG,3/5/2015,14:52:12,574.35,1060192
GOOG,3/5/2015,14:51:42,574.22,1058939
GOOG,3/5/2015,14:51:12,574.21,1058550
GOOG,3/5/2015,14:50:42,574.05,1058035
GOOG,3/5/2015,14:50:12,574.19,1057615
GOOG,3/5/2015,14:49:42,574.42,1057023
GOOG,3/5/2015,14:49:12,574.25,1056593
GOOG,3/5/2015,14:48:42,574.11,1053654
GOOG,3/5/2015,14:48:12,574.09,1053109
GOOG,3/5/2015,14:47:42,574.09,1053045
GOOG,3/5/2015,14:47:13,574.09,1053003
GOOG,3/5/2015,14:46:42,574.03,1052096
GOOG,3/5/2015,14:46:12,574.2,1051781
GOOG,3/5/2015,14:45:42,574.2,1051716
GOOG,3/5/2015,14:45:12,574.2,1051653
GOOG,3/5/2015,14:44:42,574.25,1050624
GOOG,3/5/2015,14:44:12,574.13,1050304
GOOG,3/5/2015,14:43:42,574.15,1050194
GOOG,3/5/2015,14:43:12,574.35,1049903
GOOG,3/5/2015,14:42:42,574.72,1049001
GOOG,3/5/2015,14:42:12,574.44,1048661
GOOG,3/5/2015,14:41:42,574.52,1048031
GOOG,3/5/2015,14:41:12,574.65,1046621
GOOG,3/5/2015,14:40:42,574.51,1046521
GOOG,3/5/2015,14:40:12,574.86,1044908
GOOG,3/5/2015,14:39:42,574.87,1044742
GOOG,3/5/2015,14:39:12,574.86,1043610
GOOG,3/5/2015,14:38:42,574.86,1043581
GOOG,3/5/2015,14:38:12,574.89,1043228
GOOG,3/5/2015,14:37:42,574.89,1043124
GOOG,3/5/2015,14:37:12,575.16,1041564
GOOG,3/5/2015,14:36:42,575.11,1041347
GOOG,3/5/2015,14:36:12,575.41,1040144
GOOG,3/5/2015,14:35:43,575.66,1039415
GOOG,3/5/2015,14:35:12,575.66,1039377
GOOG,3/5/2015,14:34:42,575.56,1039120
GOOG,3/5/2015,14:34:12,575.68,1038971
GOOG,3/5/2015,14:33:42,575.64,1038548
GOOG,3/5/2015,14:33:12,575.51,1038284
GOOG,3/5/2015,14:32:42,575.73,1038122
GOOG,3/5/2015,14:32:12,575.79,1037110
GOOG,3/5/2015,14:31:42,575.87,1032589
GOOG,3/5/2015,14:31:12,575.76,1031289
GOOG,3/5/2015,14:30:42,575.89,1027382
GOOG,3/5/2015,14:30:12,575.89,1027268
GOOG,3/5/2015,14:29:42,575.89,1027217
GOOG,3/5/2015,14:29:12,575.89,1027208
GOOG,3/5/2015,14:28:42,575.96,1026747
GOOG,3/5/2015,14:28:12,576.06,1026024
GOOG,3/5/2015,14:27:42,576,1025894
GOOG,3/5/2015,14:27:13,576.23,1025478
GOOG,3/5/2015,14:26:42,576.27,1025192
GOOG,3/5/2015,14:26:12,576.32,1020516
GOOG,3/5/2015,14:25:42,576.2,1016365
GOOG,3/5/2015,14:25:12,576,1013741
GOOG,3/5/2015,14:24:42,576.24,1010969
GOOG,3/5/2015,14:24:12,576.24,1010925
GOOG,3/5/2015,14:23:42,576.08,1010507
GOOG,3/5/2015,14:23:12,576.16,1007240
GOOG,3/5/2015,14:22:42,576.12,1006876
GOOG,3/5/2015,14:22:12,576.18,1006375
GOOG,3/5/2015,14:21:42,576.2,1005675
GOOG,3/5/2015,14:21:12,576.23,1005075
GOOG,3/5/2015,14:20:42,576.04,1004939
GOOG,3/5/2015,14:20:12,576.04,1004901
GOOG,3/5/2015,14:19:42,576.16,1004791
GOOG,3/5/2015,14:19:12,576.23,1004177
GOOG,3/5/2015,14:18:42,576.25,1003764
GOOG,3/5/2015,14:18:12,576.1,1003343
GOOG,3/5/2015,14:17:42,576.25,1002693
GOOG,3/5/2015,14:17:12,576.1,1000778
GOOG,3/5/2015,14:16:42,576,997253
GOOG,3/5/2015,14:16:12,576.09,996179
GOOG,3/5/2015,14:15:42,576.09,996144
GOOG,3/5/2015,14:15:13,576.1,995479
GOOG,3/5/2015,14:14:42,576.3,992826
GOOG,3/5/2015,14:14:13,576.15,991704
GOOG,3/5/2015,14:13:43,576.2,991568
GOOG,3/5/2015,14:13:12,576.16,991298
GOOG,3/5/2015,14:12:42,576,991047
GOOG,3/5/2015,14:12:12,576,991012
GOOG,3/5/2015,14:11:42,576.12,988402
GOOG,3/5/2015,14:11:12,576.2,987987
GOOG,3/5/2015,14:10:42,576.18,987601
GOOG,3/5/2015,14:10:12,576.01,987477
GOOG,3/5/2015,14:09:43,576.18,981335
GOOG,3/5/2015,14:09:12,576.27,974640
GOOG,3/5/2015,14:08:42,576.17,971023
GOOG,3/5/2015,14:08:13,576.2,970121
GOOG,3/5/2015,14:07:42,575.68,964680
GOOG,3/5/2015,14:07:12,575.97,958066
GOOG,3/5/2015,14:06:42,575.51,953653
GOOG,3/5/2015,14:06:12,575.47,951145
GOOG,3/5/2015,14:05:42,575.95,947734
GOOG,3/5/2015,14:05:12,576.2,947295
GOOG,3/5/2015,14:04:42,576.34,946495
GOOG,3/5/2015,14:04:13,575.99,946120
GOOG,3/5/2015,14:03:42,576.24,945491
GOOG,3/5/2015,14:03:12,576.24,945391
GOOG,3/5/2015,14:02:42,576.24,945373
GOOG,3/5/2015,14:02:12,576.49,944252
GOOG,3/5/2015,14:01:42,576.53,942700
GOOG,3/5/2015,14:01:12,576.29,942435
GOOG,3/5/2015,14:00:42,576.6,942190
GOOG,3/5/2015,14:00:12,576.21,940961
GOOG,3/5/2015,13:59:42,576.3,938727
GOOG,3/5/2015,13:59:12,576.07,937516
GOOG,3/5/2015,13:58:42,576.07,937304
GOOG,3/5/2015,13:58:12,576.07,936802
GOOG,3/5/2015,13:57:42,576.21,936661
GOOG,3/5/2015,13:57:12,576.31,935438
GOOG,3/5/2015,13:56:42,575.96,933245
GOOG,3/5/2015,13:56:12,575.83,932302
GOOG,3/5/2015,13:55:42,575.83,932258
GOOG,3/5/2015,13:55:13,575.9,930666
GOOG,3/5/2015,13:54:42,575.9,930493
GOOG,3/5/2015,13:54:12,575.92,927738
GOOG,3/5/2015,13:53:43,575.93,918864
GOOG,3/5/2015,13:53:12,575.84,915057
GOOG,3/5/2015,13:52:43,575.84,915020
GOOG,3/5/2015,13:52:12,575.9,914601
GOOG,3/5/2015,13:51:42,575.54,911333
GOOG,3/5/2015,13:51:12,575.78,910118
GOOG,3/5/2015,13:50:43,575.72,909986
GOOG,3/5/2015,13:50:12,575.5,909011
GOOG,3/5/2015,13:49:42,575.38,908371
GOOG,3/5/2015,13:49:12,575.39,907980
GOOG,3/5/2015,13:48:42,575.28,906027
GOOG,3/5/2015,13:48:12,575.02,905119
GOOG,3/5/2015,13:47:42,575.1,904101
GOOG,3/5/2015,13:47:12,574.89,902637
GOOG,3/5/2015,13:46:42,574.83,901924
GOOG,3/5/2015,13:46:12,574.64,900994
GOOG,3/5/2015,13:45:43,574.4,898160
GOOG,3/5/2015,13:45:12,574.5,896152
GOOG,3/5/2015,13:44:42,574.5,896136
GOOG,3/5/2015,13:44:12,574.5,896136
GOOG,3/5/2015,13:43:42,574.6,894098
GOOG,3/5/2015,13:43:12,574.6,888734
GOOG,3/5/2015,13:42:42,574.65,886608
GOOG,3/5/2015,13:42:12,574.06,878349
GOOG,3/5/2015,13:41:42,574.2,874929
GOOG,3/5/2015,13:41:12,574.31,868863
GOOG,3/5/2015,13:40:42,574.14,864208
GOOG,3/5/2015,13:40:12,574.2,863656
GOOG,3/5/2015,13:39:42,574.03,861710
GOOG,3/5/2015,13:39:13,573.64,860442
GOOG,3/5/2015,13:38:42,573.62,858971
GOOG,3/5/2015,13:38:12,573.85,855855
GOOG,3/5/2015,13:37:42,573.92,853638
GOOG,3/5/2015,13:37:12,573.78,853004
GOOG,3/5/2015,13:36:42,574.05,851501
GOOG,3/5/2015,13:36:12,574.1,850842
GOOG,3/5/2015,13:35:42,574.4,848882
GOOG,3/5/2015,13:35:12,574.61,847070
GOOG,3/5/2015,13:34:42,574.43,846014
GOOG,3/5/2015,13:34:12,574.59,845120
GOOG,3/5/2015,13:33:42,574.89,842734
GOOG,3/5/2015,13:33:14,574.82,841715
GOOG,3/5/2015,13:32:43,574.75,840977
GOOG,3/5/2015,13:32:13,574.9,839814
GOOG,3/5/2015,13:31:42,575,839678
GOOG,3/5/2015,13:31:12,575.13,838896
GOOG,3/5/2015,13:30:42,575.13,838824
GOOG,3/5/2015,13:30:12,574.71,838708
GOOG,3/5/2015,13:29:42,575.01,838557
GOOG,3/5/2015,13:29:12,575.01,838492
GOOG,3/5/2015,13:28:42,574.46,837024
GOOG,3/5/2015,13:28:12,574.46,836884
GOOG,3/5/2015,13:27:42,574.46,836853
GOOG,3/5/2015,13:27:12,574.74,836694
GOOG,3/5/2015,13:26:42,574.62,835823
GOOG,3/5/2015,13:26:12,574.62,835685
GOOG,3/5/2015,13:25:42,574.92,833145
GOOG,3/5/2015,13:25:12,575.04,832321
GOOG,3/5/2015,13:24:42,575.12,831877
GOOG,3/5/2015,13:24:12,575.23,831697
GOOG,3/5/2015,13:23:42,575.23,831678
GOOG,3/5/2015,13:23:12,575.22,830652
GOOG,3/5/2015,13:22:42,575.07,829310
GOOG,3/5/2015,13:22:12,575.22,826842
GOOG,3/5/2015,13:21:42,575.46,826203
GOOG,3/5/2015,13:21:12,575.46,825730
GOOG,3/5/2015,13:20:42,575.29,825383
GOOG,3/5/2015,13:20:12,575.17,822184
GOOG,3/5/2015,13:19:42,575.17,822025
GOOG,3/5/2015,13:19:12,575.4,820367
GOOG,3/5/2015,13:18:42,575.4,820264
GOOG,3/5/2015,13:18:12,575.4,820132
GOOG,3/5/2015,13:17:42,575.4,820118
GOOG,3/5/2015,13:17:12,575.4,820093
GOOG,3/5/2015,13:16:43,575.22,818968
GOOG,3/5/2015,13:16:12,575.07,817827
GOOG,3/5/2015,13:15:42,574.9,817721
GOOG,3/5/2015,13:15:12,574.5,816172
GOOG,3/5/2015,13:14:42,574.5,816162
GOOG,3/5/2015,13:14:12,574.5,816144
GOOG,3/5/2015,13:13:42,574.66,814867
GOOG,3/5/2015,13:13:12,574.66,814796
GOOG,3/5/2015,13:12:43,574.69,814120
GOOG,3/5/2015,13:12:12,574.84,813414
GOOG,3/5/2015,13:11:42,574.82,812223
GOOG,3/5/2015,13:11:12,574.69,810122
GOOG,3/5/2015,13:10:42,574.26,807028
GOOG,3/5/2015,13:10:12,574.38,801712
GOOG,3/5/2015,13:09:42,574.37,800887
GOOG,3/5/2015,13:09:12,574.3,797958
GOOG,3/5/2015,13:08:42,574.2,797546
GOOG,3/5/2015,13:08:12,574.13,797253
GOOG,3/5/2015,13:07:42,574.05,796788
GOOG,3/5/2015,13:07:12,574.2,795194
GOOG,3/5/2015,13:06:42,574.28,794859
GOOG,3/5/2015,13:06:12,574.28,794776
GOOG,3/5/2015,13:05:42,574.63,791930
GOOG,3/5/2015,13:05:12,574.49,790836
GOOG,3/5/2015,13:04:42,574.55,787786
GOOG,3/5/2015,13:04:12,574.79,786796
GOOG,3/5/2015,13:03:42,574.77,786046
GOOG,3/5/2015,13:03:12,574.71,782658
GOOG,3/5/2015,13:02:42,574.66,780541
GOOG,3/5/2015,13:02:12,574.66,780183
GOOG,3/5/2015,13:01:42,574.8,779883
GOOG,3/5/2015,13:01:12,574.8,779815
GOOG,3/5/2015,13:00:42,574.69,779274
GOOG,3/5/2015,13:00:13,574.95,778589
GOOG,3/5/2015,12:59:42,575.14,777723
GOOG,3/5/2015,12:59:12,574.95,777373
GOOG,3/5/2015,12:58:42,575.1,777139
GOOG,3/5/2015,12:58:12,575.2,776414
GOOG,3/5/2015,12:57:42,575.12,775981
GOOG,3/5/2015,12:57:12,575.34,775218
GOOG,3/5/2015,12:56:42,575.24,773842
GOOG,3/5/2015,12:56:12,575.24,773710
GOOG,3/5/2015,12:55:42,575.2,772441
GOOG,3/5/2015,12:55:12,574.89,771146
GOOG,3/5/2015,12:54:42,575.07,770935
GOOG,3/5/2015,12:54:12,575.39,770347
GOOG,3/5/2015,12:53:42,575.48,770052
GOOG,3/5/2015,12:53:12,575.38,769705
GOOG,3/5/2015,12:52:42,575.15,769594
GOOG,3/5/2015,12:52:12,575.4,767801
GOOG,3/5/2015,12:51:42,575.15,765844
GOOG,3/5/2015,12:51:12,575.15,765843
GOOG,3/5/2015,12:50:42,575.26,765680
GOOG,3/5/2015,12:50:12,575.26,765665
GOOG,3/5/2015,12:49:42,575.33,764418
GOOG,3/5/2015,12:49:12,575.4,764001
GOOG,3/5/2015,12:48:42,575.23,763647
GOOG,3/5/2015,12:48:12,575.31,763022
GOOG,3/5/2015,12:47:42,575.45,761271
GOOG,3/5/2015,12:47:12,575,757516
GOOG,3/5/2015,12:46:42,574.87,756550
GOOG,3/5/2015,12:46:12,575.1,753735
GOOG,3/5/2015,12:45:42,575.33,753383
GOOG,3/5/2015,12:45:13,575.34,753273
GOOG,3/5/2015,12:44:42,575.42,749478
GOOG,3/5/2015,12:44:12,575.42,749468
GOOG,3/5/2015,12:43:42,575.63,748059
GOOG,3/5/2015,12:43:12,575.63,747999
GOOG,3/5/2015,12:42:42,575.52,747741
GOOG,3/5/2015,12:42:12,575.66,747354
GOOG,3/5/2015,12:41:42,575.84,746700
GOOG,3/5/2015,12:41:12,575.75,745043
GOOG,3/5/2015,12:40:42,575.75,743958
GOOG,3/5/2015,12:40:12,576,740994
GOOG,3/5/2015,12:39:42,575.97,740872
GOOG,3/5/2015,12:39:12,576,739912
GOOG,3/5/2015,12:38:44,576.03,738968
GOOG,3/5/2015,12:38:12,576.39,738437
GOOG,3/5/2015,12:37:45,576.39,738437
GOOG,3/5/2015,12:37:14,576.04,738271
GOOG,3/5/2015,12:36:42,576.04,738237
GOOG,3/5/2015,12:36:13,576.13,736984
GOOG,3/5/2015,12:35:42,576.51,734998
GOOG,3/5/2015,12:35:12,576.75,734440
GOOG,3/5/2015,12:34:42,576.5,734285
GOOG,3/5/2015,12:34:12,576.53,733685
GOOG,3/5/2015,12:33:42,576.63,733480
GOOG,3/5/2015,12:33:12,576.76,732660
GOOG,3/5/2015,12:32:42,576.76,732656
GOOG,3/5/2015,12:32:12,576.71,732298
GOOG,3/5/2015,12:31:43,576.71,732295
GOOG,3/5/2015,12:31:12,576.94,731658
GOOG,3/5/2015,12:30:43,576.83,731153
GOOG,3/5/2015,12:30:12,576.75,730147
GOOG,3/5/2015,12:29:45,576.75,730090
GOOG,3/5/2015,12:29:12,576.75,730052
GOOG,3/5/2015,12:28:43,576.9,729779
GOOG,3/5/2015,12:28:12,577.1,727865
GOOG,3/5/2015,12:27:42,577.1,727849
GOOG,3/5/2015,12:27:12,577.09,727441
GOOG,3/5/2015,12:26:42,577.02,726401
GOOG,3/5/2015,12:26:12,576.86,726196
GOOG,3/5/2015,12:25:43,576.68,720343
GOOG,3/5/2015,12:25:13,576.6,719398
GOOG,3/5/2015,12:24:42,576.61,719295
GOOG,3/5/2015,12:24:12,576.52,719085
GOOG,3/5/2015,12:23:42,576.4,718125
GOOG,3/5/2015,12:23:12,576.48,717676
GOOG,3/5/2015,12:22:42,576.42,716812
GOOG,3/5/2015,12:22:12,576.42,716652
GOOG,3/5/2015,12:21:43,576.4,715008
GOOG,3/5/2015,12:21:12,576.42,713763
GOOG,3/5/2015,12:20:42,576.55,712350
GOOG,3/5/2015,12:20:12,577.11,708954
GOOG,3/5/2015,12:19:42,577.11,708907
GOOG,3/5/2015,12:19:12,576.98,706607
GOOG,3/5/2015,12:18:42,576.98,706264
GOOG,3/5/2015,12:18:12,577.1,704862
GOOG,3/5/2015,12:17:42,576.97,704341
GOOG,3/5/2015,12:17:12,576.53,703603
GOOG,3/5/2015,12:16:42,576.53,703321
GOOG,3/5/2015,12:16:12,576.53,703296
GOOG,3/5/2015,12:15:43,576.64,702871
GOOG,3/5/2015,12:15:12,576.66,702533
GOOG,3/5/2015,12:14:42,576.68,702147
GOOG,3/5/2015,12:14:12,576.82,701696
GOOG,3/5/2015,12:13:42,576.8,701596
GOOG,3/5/2015,12:13:12,576.8,701592
GOOG,3/5/2015,12:12:42,576.81,700612
GOOG,3/5/2015,12:12:12,576.89,699438
GOOG,3/5/2015,12:11:42,576.65,696913
GOOG,3/5/2015,12:11:12,576.65,696912
GOOG,3/5/2015,12:10:42,576.46,695588
GOOG,3/5/2015,12:10:12,576.36,694953
GOOG,3/5/2015,12:09:42,576.35,694380
GOOG,3/5/2015,12:09:12,576.34,693935
GOOG,3/5/2015,12:08:42,576.3,693044
GOOG,3/5/2015,12:08:12,576.3,692944
GOOG,3/5/2015,12:07:42,576.2,690598
GOOG,3/5/2015,12:07:12,576.33,689622
GOOG,3/5/2015,12:06:42,576.19,687799
GOOG,3/5/2015,12:06:12,576.19,687784
GOOG,3/5/2015,12:05:42,576.48,687681
GOOG,3/5/2015,12:05:12,576.13,686627
GOOG,3/5/2015,12:04:42,576.09,686479
GOOG,3/5/2015,12:04:12,576.3,686146
GOOG,3/5/2015,12:03:42,576.52,683873
GOOG,3/5/2015,12:03:12,576.05,682628
GOOG,3/5/2015,12:02:42,576.26,681752
GOOG,3/5/2015,12:02:12,576.27,681640
GOOG,3/5/2015,12:01:42,576.27,681620
GOOG,3/5/2015,12:01:12,575.97,681243
GOOG,3/5/2015,12:00:42,575.96,680383
GOOG,3/5/2015,12:00:12,576.24,680132
GOOG,3/5/2015,11:59:44,576.24,680016
GOOG,3/5/2015,11:59:12,576.52,679203
GOOG,3/5/2015,11:58:42,576.52,678825
GOOG,3/5/2015,11:58:12,576.47,676768
GOOG,3/5/2015,11:57:42,576.18,676305
GOOG,3/5/2015,11:57:12,576.41,676012
GOOG,3/5/2015,11:56:42,576.47,675190
GOOG,3/5/2015,11:56:12,576.36,674843
GOOG,3/5/2015,11:55:42,576.34,674337
GOOG,3/5/2015,11:55:12,576,671850
GOOG,3/5/2015,11:54:42,575.96,671089
GOOG,3/5/2015,11:54:12,576.04,670445
GOOG,3/5/2015,11:53:42,576,670163
GOOG,3/5/2015,11:53:12,576.06,669527
GOOG,3/5/2015,11:52:42,576.3,668787
GOOG,3/5/2015,11:52:12,576.39,667203
GOOG,3/5/2015,11:51:42,576.07,665424
GOOG,3/5/2015,11:51:12,576.26,662019
GOOG,3/5/2015,11:50:42,576.73,655835
GOOG,3/5/2015,11:50:12,576.56,653592
GOOG,3/5/2015,11:49:42,576.22,651106
GOOG,3/5/2015,11:49:12,576.38,650736
GOOG,3/5/2015,11:48:42,576.38,650706
GOOG,3/5/2015,11:48:12,576.47,650491
GOOG,3/5/2015,11:47:42,576.47,650491
GOOG,3/5/2015,11:47:12,576.38,649937
GOOG,3/5/2015,11:46:42,576.3,648439
GOOG,3/5/2015,11:46:12,576.3,648359
GOOG,3/5/2015,11:45:42,575.98,646084
GOOG,3/5/2015,11:45:12,575.98,646056
GOOG,3/5/2015,11:44:42,575.54,643570
GOOG,3/5/2015,11:44:12,575.52,642504
GOOG,3/5/2015,11:43:42,575.68,639005
GOOG,3/5/2015,11:43:13,575.99,637740
GOOG,3/5/2015,11:42:42,575.57,637261
GOOG,3/5/2015,11:42:12,575.56,636231
GOOG,3/5/2015,11:41:42,575.9,635671
GOOG,3/5/2015,11:41:12,575.79,634955
GOOG,3/5/2015,11:40:42,575.37,632451
GOOG,3/5/2015,11:40:15,575.45,627874
GOOG,3/5/2015,11:39:42,575.33,627483
GOOG,3/5/2015,11:39:12,575.1,626354
GOOG,3/5/2015,11:38:43,574.91,619905
GOOG,3/5/2015,11:38:12,575.23,607986
GOOG,3/5/2015,11:37:42,575.23,602179
GOOG,3/5/2015,11:37:12,574.9,600044
GOOG,3/5/2015,11:36:42,574.86,595433
GOOG,3/5/2015,11:36:12,575.02,591498
GOOG,3/5/2015,11:35:42,575.02,591496
GOOG,3/5/2015,11:35:12,575.51,589970
GOOG,3/5/2015,11:34:42,575.51,584217
GOOG,3/5/2015,11:34:12,575.77,579211
GOOG,3/5/2015,11:33:42,575.88,577553
GOOG,3/5/2015,11:33:12,575.49,574991
GOOG,3/5/2015,11:32:42,575.19,570019
GOOG,3/5/2015,11:32:12,574.96,569276
GOOG,3/5/2015,11:31:42,575.07,566469
GOOG,3/5/2015,11:31:12,574.32,563234
GOOG,3/5/2015,11:30:42,574.5,562469
GOOG,3/5/2015,11:30:12,574.7,559647
GOOG,3/5/2015,11:29:42,574.49,554210
GOOG,3/5/2015,11:29:12,574.49,554126
GOOG,3/5/2015,11:28:42,574.45,552541
GOOG,3/5/2015,11:28:12,574.12,551049
GOOG,3/5/2015,11:27:42,574,549572
GOOG,3/5/2015,11:27:12,574.07,543215
GOOG,3/5/2015,11:26:42,574.06,540109
GOOG,3/5/2015,11:26:12,573.91,535549
GOOG,3/5/2015,11:25:42,573.61,526425
GOOG,3/5/2015,11:25:13,573.6,524753
GOOG,3/5/2015,11:24:42,573.78,522899
GOOG,3/5/2015,11:24:12,573.75,521262
GOOG,3/5/2015,11:23:42,573.85,518383
GOOG,3/5/2015,11:23:15,574.09,515464
GOOG,3/5/2015,11:22:42,574.61,500127
GOOG,3/5/2015,11:22:12,574.67,498757
GOOG,3/5/2015,11:21:42,575.2,495673
GOOG,3/5/2015,11:21:12,575.41,493660
GOOG,3/5/2015,11:20:42,575.25,491986
GOOG,3/5/2015,11:20:12,575.25,491882
GOOG,3/5/2015,11:19:42,575.35,489884
GOOG,3/5/2015,11:19:13,575.45,489216
GOOG,3/5/2015,11:18:42,575.45,488661
GOOG,3/5/2015,11:18:12,575.25,486724
GOOG,3/5/2015,11:17:43,575.53,484941
GOOG,3/5/2015,11:17:12,575.75,482942
GOOG,3/5/2015,11:16:42,575.71,478963
GOOG,3/5/2015,11:16:13,576.01,476833
GOOG,3/5/2015,11:15:42,576.02,476723
GOOG,3/5/2015,11:15:12,576.51,476473
GOOG,3/5/2015,11:14:42,576.41,475991
GOOG,3/5/2015,11:14:12,576.37,474231
GOOG,3/5/2015,11:13:42,576.33,473155
GOOG,3/5/2015,11:13:13,576.34,472554
GOOG,3/5/2015,11:12:42,576.23,470996
GOOG,3/5/2015,11:12:12,576.11,469608
GOOG,3/5/2015,11:11:42,576.36,468296
GOOG,3/5/2015,11:11:13,576.76,466106
GOOG,3/5/2015,11:10:42,577.02,464178
GOOG,3/5/2015,11:10:12,576.95,463736
GOOG,3/5/2015,11:09:47,576.97,463358
GOOG,3/5/2015,11:09:13,577.15,462927
GOOG,3/5/2015,11:08:43,577.26,461886
GOOG,3/5/2015,11:08:12,577.32,460862
GOOG,3/5/2015,11:07:42,577.47,460143
GOOG,3/5/2015,11:07:12,577.16,458166
GOOG,3/5/2015,11:06:42,577.28,457780
GOOG,3/5/2015,11:06:12,577.11,457465
GOOG,3/5/2015,11:05:42,577.2,457228
GOOG,3/5/2015,11:05:12,577.2,457093
GOOG,3/5/2015,11:04:42,577.19,456321
GOOG,3/5/2015,11:04:12,576.98,454769
GOOG,3/5/2015,11:03:42,576.72,454468
GOOG,3/5/2015,11:03:12,576.72,454088
GOOG,3/5/2015,11:02:42,576.72,453887
GOOG,3/5/2015,11:02:13,576.84,453487
GOOG,3/5/2015,11:01:42,576.7,453140
GOOG,3/5/2015,11:01:12,576.63,452611
GOOG,3/5/2015,11:00:42,576.63,452358
GOOG,3/5/2015,11:00:12,576.93,450034
GOOG,3/5/2015,10:59:42,576.34,447798
GOOG,3/5/2015,10:59:12,576.66,444368
GOOG,3/5/2015,10:58:42,576.66,444176
GOOG,3/5/2015,10:58:16,576.66,443894
GOOG,3/5/2015,10:57:42,576.81,443295
GOOG,3/5/2015,10:57:12,576.9,442614
GOOG,3/5/2015,10:56:42,577,442113
GOOG,3/5/2015,10:56:12,576.66,440918
GOOG,3/5/2015,10:55:42,576.85,438040
GOOG,3/5/2015,10:55:12,577,431569
GOOG,3/5/2015,10:54:42,576.96,429301
GOOG,3/5/2015,10:54:12,576.96,429175
GOOG,3/5/2015,10:53:42,577.61,427844
GOOG,3/5/2015,10:53:12,577.46,423621
GOOG,3/5/2015,10:52:42,577.68,422264
GOOG,3/5/2015,10:52:13,577.34,419315
GOOG,3/5/2015,10:51:42,577.31,417325
GOOG,3/5/2015,10:51:12,577.29,416599
GOOG,3/5/2015,10:50:42,577.24,415598
GOOG,3/5/2015,10:50:12,577.25,415026
GOOG,3/5/2015,10:49:42,577.29,414084
GOOG,3/5/2015,10:49:12,577.08,411460
GOOG,3/5/2015,10:48:42,577,407866
GOOG,3/5/2015,10:48:12,577,405840
GOOG,3/5/2015,10:47:42,577.26,404505
GOOG,3/5/2015,10:47:12,577.22,403538
GOOG,3/5/2015,10:46:42,577.47,402986
GOOG,3/5/2015,10:46:12,577.25,401917
GOOG,3/5/2015,10:45:42,577.76,401235
GOOG,3/5/2015,10:45:12,577.73,401129
GOOG,3/5/2015,10:44:42,577.72,397669
GOOG,3/5/2015,10:44:12,577.48,391517
GOOG,3/5/2015,10:43:42,577.38,387336
GOOG,3/5/2015,10:43:12,577.1,384906
GOOG,3/5/2015,10:42:43,576.8,382958
GOOG,3/5/2015,10:42:12,577.06,382519
GOOG,3/5/2015,10:41:42,577.02,380873
GOOG,3/5/2015,10:41:12,577.03,379873
GOOG,3/5/2015,10:40:42,576.78,377503
GOOG,3/5/2015,10:40:12,576.8,374490
GOOG,3/5/2015,10:39:42,576.63,371554
GOOG,3/5/2015,10:39:12,576.66,371105
GOOG,3/5/2015,10:38:42,576.5,370535
GOOG,3/5/2015,10:38:12,576.76,369671
GOOG,3/5/2015,10:37:42,576.76,369450
GOOG,3/5/2015,10:37:12,576.58,366167
GOOG,3/5/2015,10:36:42,576.71,364572
GOOG,3/5/2015,10:36:12,576.79,363685
GOOG,3/5/2015,10:35:42,576.81,362756
GOOG,3/5/2015,10:35:12,576.59,360560
GOOG,3/5/2015,10:34:42,576.65,358841
GOOG,3/5/2015,10:34:12,576.89,357392
GOOG,3/5/2015,10:33:42,576.88,355780
GOOG,3/5/2015,10:33:12,576.67,353444
GOOG,3/5/2015,10:32:42,576.5,351934
GOOG,3/5/2015,10:32:12,576.74,350901
GOOG,3/5/2015,10:31:42,576.8,349759
GOOG,3/5/2015,10:31:12,576.77,348929
GOOG,3/5/2015,10:30:42,576.82,348482
GOOG,3/5/2015,10:30:12,577.01,347508
GOOG,3/5/2015,10:29:42,577.18,345679
GOOG,3/5/2015,10:29:12,577.18,345581
GOOG,3/5/2015,10:28:42,576.87,340173
GOOG,3/5/2015,10:28:12,576.86,338522
GOOG,3/5/2015,10:27:42,577.06,338200
GOOG,3/5/2015,10:27:12,576.41,335125
GOOG,3/5/2015,10:26:42,576.36,333495
GOOG,3/5/2015,10:26:12,577.18,324153
GOOG,3/5/2015,10:25:42,577,321086
GOOG,3/5/2015,10:25:12,577.18,319109
GOOG,3/5/2015,10:24:42,576.98,316886
GOOG,3/5/2015,10:24:12,577.01,311520
GOOG,3/5/2015,10:23:42,576.8,306705
GOOG,3/5/2015,10:23:12,577.03,306575
GOOG,3/5/2015,10:22:42,577,304544
GOOG,3/5/2015,10:22:12,576.76,303170
GOOG,3/5/2015,10:21:42,576.78,302497
GOOG,3/5/2015,10:21:12,577.11,299556
GOOG,3/5/2015,10:20:42,576.88,297232
GOOG,3/5/2015,10:20:12,576.94,296220
GOOG,3/5/2015,10:19:42,576.63,293015
GOOG,3/5/2015,10:19:12,576.66,292062
GOOG,3/5/2015,10:18:42,576.29,290404
GOOG,3/5/2015,10:18:12,576.19,287583
GOOG,3/5/2015,10:17:42,576.22,281713
GOOG,3/5/2015,10:17:12,576.25,271555
GOOG,3/5/2015,10:16:42,576.3,270392
GOOG,3/5/2015,10:16:12,576.42,269469
GOOG,3/5/2015,10:15:42,576.78,266531
GOOG,3/5/2015,10:15:12,576.6,262489
GOOG,3/5/2015,10:14:43,576.64,259933
GOOG,3/5/2015,10:14:12,576.51,258240
GOOG,3/5/2015,10:13:43,576.61,257237
GOOG,3/5/2015,10:13:12,577.01,254107
GOOG,3/5/2015,10:12:42,577.19,251523
GOOG,3/5/2015,10:12:12,576.94,249477
GOOG,3/5/2015,10:11:42,577.06,248533
GOOG,3/5/2015,10:11:12,576.94,248071
GOOG,3/5/2015,10:10:42,577.06,247166
GOOG,3/5/2015,10:10:12,576.7,242529
GOOG,3/5/2015,10:09:42,577.23,238020
GOOG,3/5/2015,10:09:12,577.28,236480
GOOG,3/5/2015,10:08:42,577.63,233277
GOOG,3/5/2015,10:08:12,577.81,232302
GOOG,3/5/2015,10:07:42,577.91,230073
GOOG,3/5/2015,10:07:12,577.84,220833
GOOG,3/5/2015,10:06:43,577.55,218477
GOOG,3/5/2015,10:06:12,577.49,216874
GOOG,3/5/2015,10:05:42,577.26,209342
GOOG,3/5/2015,10:05:12,577.21,204271
GOOG,3/5/2015,10:04:42,577.01,196652
GOOG,3/5/2015,10:04:13,576.86,194070
GOOG,3/5/2015,10:03:42,577.05,191998
GOOG,3/5/2015,10:03:12,576.79,185252
GOOG,3/5/2015,10:02:42,576.76,176884
GOOG,3/5/2015,10:02:12,576.7,175259
GOOG,3/5/2015,10:01:42,576.71,174664
GOOG,3/5/2015,10:01:12,576.48,169208
GOOG,3/5/2015,10:00:42,576.33,165808
GOOG,3/5/2015,10:00:12,576.62,163684
GOOG,3/5/2015,9:59:42,576.4,155769
GOOG,3/5/2015,9:59:12,576.45,152859
GOOG,3/5/2015,9:58:42,576.32,151357
GOOG,3/5/2015,9:58:12,576.2,150357
GOOG,3/5/2015,9:57:42,576.14,145813
GOOG,3/5/2015,9:57:12,576.16,144524
GOOG,3/5/2015,9:56:42,576.1,141295
GOOG,3/5/2015,9:56:12,576.2,139982
GOOG,3/5/2015,9:55:42,576.55,138185
GOOG,3/5/2015,9:55:12,576.06,137103
GOOG,3/5/2015,9:54:42,575.51,130197
GOOG,3/5/2015,9:54:12,575.42,128796
GOOG,3/5/2015,9:53:42,574.75,127250
GOOG,3/5/2015,9:53:13,574.75,124356
GOOG,3/5/2015,9:52:42,575.05,119321
GOOG,3/5/2015,9:52:12,575.02,109404
GOOG,3/5/2015,9:51:42,575.05,106130
GOOG,3/5/2015,9:51:12,575.85,103214
GOOG,3/5/2015,9:50:42,576.47,97851
GOOG,3/5/2015,9:50:12,575.21,90415
GOOG,3/5/2015,9:49:43,575.7,87460
GOOG,3/5/2015,9:49:12,575.19,83717
GOOG,3/5/2015,9:48:42,575.28,79276
GOOG,3/5/2015,9:48:12,574.89,69316
GOOG,3/5/2015,9:47:43,575.28,63473
GOOG,3/5/2015,9:47:12,575.2,50454
GOOG,3/5/2015,9:46:42,576.8,46189
GOOG,3/5/2015,9:46:12,574.83,39432
GOOG,3/5/2015,9:45:42,574.45,39049
GOOG,3/5/2015,9:45:12,574.69,25587
GOOG,3/5/2015,9:44:43,573.37,3089
GOOG,3/5/2015,9:44:12,573.37,2101
GOOG,3/5/2015,9:43:42,573.37,2101
GOOG,3/5/2015,9:43:12,573.37,2101
GOOG,3/5/2015,9:42:42,573.37,198
GOOG,3/5/2015,9:42:12,573.37,198
GOOG,3/5/2015,9:41:42,573.37,198
GOOG,3/5/2015,9:41:12,573.37,198
GOOG,3/5/2015,9:40:42,573.37,198
GOOG,3/5/2015,9:40:12,573.37,198
GOOG,3/5/2015,9:39:42,573.37,198
GOOG,3/5/2015,9:39:12,573.37,198
GOOG,3/5/2015,9:38:42,573.37,198
GOOG,3/5/2015,9:38:12,573.37,198
GOOG,3/5/2015,9:37:42,573.37,198
GOOG,3/5/2015,9:37:12,573.37,198
GOOG,3/5/2015,9:36:42,573.37,198
GOOG,3/5/2015,9:36:12,573.37,198
GOOG,3/5/2015,9:35:42,573.37,198
GOOG,3/5/2015,9:35:12,573.37,198
GOOG,3/5/2015,9:34:42,573.37,198
GOOG,3/5/2015,9:34:12,573.37,196
GOOG,3/5/2015,9:33:42,573.37,196
GOOG,3/5/2015,9:33:12,573.37,196
GOOG,3/5/2015,9:32:42,573.37,196
GOOG,3/5/2015,9:32:12,573.37,196
GOOG,3/5/2015,9:31:42,573.37,196
GOOG,3/5/2015,9:31:12,573.37,196
GOOG,3/5/2015,9:30:42,573.37,196
GOOG,3/5/2015,9:30:12,573.37,150
GOOG,3/5/2015,9:29:42,573.37,150
GOOG,3/5/2015,9:29:12,573.37,150
GOOG,3/5/2015,9:28:42,573.37,150
GOOG,3/5/2015,9:28:12,573.37,150
GOOG,3/5/2015,9:27:42,573.37,150
GOOG,3/5/2015,9:27:13,573.37,150
GOOG,3/5/2015,9:26:42,573.37,150
GOOG,3/5/2015,9:26:12,573.37,145
GOOG,3/5/2015,9:25:42,573.37,145
GOOG,3/5/2015,9:25:12,573.37,145
GOOG,3/5/2015,9:24:42,573.37,145
GOOG,3/5/2015,9:24:12,573.37,145
GOOG,3/5/2015,9:23:43,573.37,95
GOOG,3/5/2015,9:23:12,573.37,95
GOOG,3/5/2015,9:22:42,573.37,95
GOOG,3/5/2015,9:22:14,573.37,95
GOOG,3/5/2015,9:21:42,573.37,95
GOOG,3/5/2015,9:21:12,573.37,95
GOOG,3/5/2015,9:20:42,573.37,95
GOOG,3/5/2015,9:20:12,573.37,95
GOOG,3/5/2015,9:19:42,573.37,95
GOOG,3/5/2015,9:19:12,573.37,42
GOOG,3/5/2015,9:18:42,573.37,40
GOOG,3/5/2015,9:18:12,573.37,40
GOOG,3/5/2015,9:17:43,573.37,40
GOOG,3/5/2015,9:17:12,573.37,40
GOOG,3/5/2015,9:16:42,573.37,40
GOOG,3/5/2015,9:16:12,573.37,40
GOOG,3/5/2015,9:15:42,573.37,20
GOOG,3/5/2015,9:15:12,573.37,20
GOOG,3/5/2015,9:14:42,573.37,20
GOOG,3/5/2015,9:14:12,573.37,20
GOOG,3/5/2015,9:13:42,573.37,20
GOOG,3/5/2015,9:13:12,573.37,20
GOOG,3/5/2015,9:12:42,573.37,20
GOOG,3/5/2015,9:12:12,573.37,20
GOOG,3/5/2015,9:11:42,573.37,20
GOOG,3/5/2015,9:11:12,573.37,20
GOOG,3/5/2015,9:10:42,573.37,20
GOOG,3/5/2015,9:10:12,573.37,20
GOOG,3/5/2015,9:09:42,573.37,20
GOOG,3/5/2015,9:09:12,573.37,20
GOOG,3/5/2015,9:08:42,573.37,20
GOOG,3/5/2015,9:08:12,573.37,20
GOOG,3/5/2015,9:07:42,573.37,20
GOOG,3/5/2015,9:07:12,573.37,0
GOOG,3/5/2015,9:06:42,573.37,0
GOOG,3/5/2015,9:06:12,573.37,0
GOOG,3/5/2015,9:05:42,573.37,0
GOOG,3/5/2015,9:05:12,573.37,0
GOOG,3/5/2015,9:04:42,573.37,0
GOOG,3/5/2015,9:04:12,573.37,0
GOOG,3/5/2015,9:03:42,573.37,0
GOOG,3/5/2015,9:03:12,573.37,0
GOOG,3/5/2015,9:02:42,573.37,0
GOOG,3/5/2015,9:02:14,573.37,0
GOOG,3/5/2015,9:01:42,573.37,0
GOOG,3/5/2015,9:01:12,573.37,0
GOOG,3/5/2015,9:00:42,573.37,0
GOOG,3/5/2015,9:00:12,573.37,1873197
GOOG,3/5/2015,8:59:42,573.37,1873197
GOOG,3/5/2015,8:59:12,573.37,1873197
GOOG,3/5/2015,8:58:42,573.37,1873197
GOOG,3/5/2015,8:58:12,573.37,1873197
GOOG,3/5/2015,8:57:42,573.37,1873197
GOOG,3/5/2015,8:57:12,573.37,1873183
GOOG,3/5/2015,8:56:42,573.37,1873183
GOOG,3/5/2015,8:56:12,573.37,1873183
GOOG,3/5/2015,8:55:43,573.37,1873183
GOOG,3/5/2015,8:55:12,573.37,1873183
GOOG,3/5/2015,8:54:42,573.37,1873183
GOOG,3/5/2015,8:54:12,573.37,1873183
GOOG,3/5/2015,8:53:42,573.37,1873183
GOOG,3/5/2015,8:53:12,573.37,1873183
GOOG,3/5/2015,8:52:42,573.37,1873183
