symbol,date,time,price,volume
TSLA,3/5/2015,20:47:42,200.63,4877015
TSLA,3/5/2015,20:47:13,200.63,4877015
TSLA,3/5/2015,20:46:42,200.63,4877015
TSLA,3/5/2015,20:46:12,200.63,4877015
TSLA,3/5/2015,20:45:42,200.63,4877015
TSLA,3/5/2015,20:45:12,200.63,4877015
TSLA,3/5/2015,20:44:42,200.63,4877015
TSLA,3/5/2015,20:44:12,200.63,4877015
TSLA,3/5/2015,20:43:42,200.63,4877015
TSLA,3/5/2015,20:43:12,200.63,4877015
TSLA,3/5/2015,20:42:43,200.63,4877015
TSLA,3/5/2015,20:42:12,200.63,4877015
TSLA,3/5/2015,20:41:43,200.63,4877015
TSLA,3/5/2015,20:41:12,200.63,4877015
TSLA,3/5/2015,20:40:42,200.63,4877015
TSLA,3/5/2015,20:40:12,200.63,4877015
TSLA,3/5/2015,20:39:42,200.63,4877015
TSLA,3/5/2015,20:39:12,200.63,4877015
TSLA,3/5/2015,20:38:42,200.63,4877015
TSLA,3/5/2015,20:38:12,200.63,4877015
TSLA,3/5/2015,20:37:42,200.63,4877015
TSLA,3/5/2015,20:37:12,200.63,4877015
TSLA,3/5/2015,20:36:42,200.63,4877015
TSLA,3/5/2015,20:36:12,200.63,4877015
TSLA,3/5/2015,20:35:42,200.63,4877015
TSLA,3/5/2015,20:35:12,200.63,4877015
TSLA,3/5/2015,20:34:42,200.63,4877015
TSLA,3/5/2015,20:34:15,200.63,4877015
TSLA,3/5/2015,20:33:42,200.63,4877015
TSLA,3/5/2015,20:33:12,200.63,4877015
TSLA,3/5/2015,20:32:42,200.63,4877015
TSLA,3/5/2015,20:32:12,200.63,4877015
TSLA,3/5/2015,20:31:43,200.63,4877015
TSLA,3/5/2015,20:31:12,200.63,4877015
TSLA,3/5/2015,20:30:42,200.63,4877015
TSLA,3/5/2015,20:30:12,200.63,4877015
TSLA,3/5/2015,20:29:42,200.63,4877015
TSLA,3/5/2015,20:29:12,200.63,4877015
TSLA,3/5/2015,20:28:42,200.63,4877015
TSLA,3/5/2015,20:28:12,200.63,4877015
TSLA,3/5/2015,20:27:42,200.63,4877015
TSLA,3/5/2015,20:27:12,200.63,4877015
TSLA,3/5/2015,20:26:42,200.63,4877015
TSLA,3/5/2015,20:26:12,200.63,4877015
TSLA,3/5/2015,20:25:42,200.63,4877015
TSLA,3/5/2015,20:25:12,200.63,4877015
TSLA,3/5/2015,20:24:42,200.63,4877015
TSLA,3/5/2015,20:24:12,200.63,4877015
TSLA,3/5/2015,20:23:42,200.63,4877015
TSLA,3/5/2015,20:23:12,200.63,4877015
TSLA,3/5/2015,20:22:42,200.63,4877015
TSLA,3/5/2015,20:22:12,200.63,4877015
TSLA,3/5/2015,20:21:42,200.63,4877015
TSLA,3/5/2015,20:21:12,200.63,4877015
TSLA,3/5/2015,20:20:42,200.63,4877015
TSLA,3/5/2015,20:20:12,200.63,4877015
TSLA,3/5/2015,20:19:42,200.63,4877015
TSLA,3/5/2015,20:19:12,200.63,4877015
TSLA,3/5/2015,20:18:42,200.63,4877015
TSLA,3/5/2015,20:18:12,200.63,4877015
TSLA,3/5/2015,20:17:43,200.63,4877015
TSLA,3/5/2015,20:17:12,200.63,4877015
TSLA,3/5/2015,20:16:42,200.63,4877015
TSLA,3/5/2015,20:16:12,200.63,4877015
TSLA,3/5/2015,20:15:42,200.63,4877015
TSLA,3/5/2015,20:15:12,200.63,4877015
TSLA,3/5/2015,20:14:42,200.63,4877015
TSLA,3/5/2015,20:14:12,200.63,4876915
TSLA,3/5/2015,20:13:42,200.63,4876915
TSLA,3/5/2015,20:13:12,200.63,4876915
TSLA,3/5/2015,20:12:42,200.63,4876915
TSLA,3/5/2015,20:12:12,200.63,4876715
TSLA,3/5/2015,20:11:42,200.63,4876715
TSLA,3/5/2015,20:11:12,200.63,4876715
TSLA,3/5/2015,20:10:42,200.63,4876715
TSLA,3/5/2015,20:10:12,200.63,4876715
TSLA,3/5/2015,20:09:42,200.63,4876715
TSLA,3/5/2015,20:09:12,200.63,4876715
TSLA,3/5/2015,20:08:42,200.63,4876715
TSLA,3/5/2015,20:08:12,200.63,4876715
TSLA,3/5/2015,20:07:42,200.63,4876715
TSLA,3/5/2015,20:07:12,200.63,4876715
TSLA,3/5/2015,20:06:42,200.63,4876715
TSLA,3/5/2015,20:06:12,200.63,4876715
TSLA,3/5/2015,20:05:42,200.63,4876715
TSLA,3/5/2015,20:05:12,200.63,4876715
TSLA,3/5/2015,20:04:42,200.63,4876715
TSLA,3/5/2015,20:04:13,200.63,4876715
TSLA,3/5/2015,20:03:42,200.63,4876715
TSLA,3/5/2015,20:03:13,200.63,4876715
TSLA,3/5/2015,20:02:42,200.63,4876670
TSLA,3/5/2015,20:02:15,200.63,4876670
TSLA,3/5/2015,20:01:42,200.63,4876670
TSLA,3/5/2015,20:01:13,200.63,4876670
TSLA,3/5/2015,20:00:43,200.63,4876670
TSLA,3/5/2015,20:00:16,200.63,4876670
TSLA,3/5/2015,19:59:42,200.63,4876670
TSLA,3/5/2015,19:59:12,200.63,4876670
TSLA,3/5/2015,19:58:42,200.63,4876603
TSLA,3/5/2015,19:58:12,200.63,4876215
TSLA,3/5/2015,19:57:42,200.63,4876205
TSLA,3/5/2015,19:57:13,200.63,4876205
TSLA,3/5/2015,19:56:42,200.63,4876205
TSLA,3/5/2015,19:56:12,200.63,4876205
TSLA,3/5/2015,19:55:42,200.63,4876205
TSLA,3/5/2015,19:55:12,200.63,4875955
TSLA,3/5/2015,19:54:42,200.63,4875955
TSLA,3/5/2015,19:54:12,200.63,4875955
TSLA,3/5/2015,19:53:43,200.63,4875955
TSLA,3/5/2015,19:53:12,200.63,4875955
TSLA,3/5/2015,19:52:42,200.63,4875955
TSLA,3/5/2015,19:52:12,200.63,4875955
TSLA,3/5/2015,19:51:42,200.63,4875955
TSLA,3/5/2015,19:51:12,200.63,4875955
TSLA,3/5/2015,19:50:42,200.63,4875955
TSLA,3/5/2015,19:50:12,200.63,4875955
TSLA,3/5/2015,19:49:42,200.63,4875955
TSLA,3/5/2015,19:49:12,200.63,4875955
TSLA,3/5/2015,19:48:42,200.63,4875955
TSLA,3/5/2015,19:48:12,200.63,4875955
TSLA,3/5/2015,19:47:42,200.63,4875955
TSLA,3/5/2015,19:47:12,200.63,4875955
TSLA,3/5/2015,19:46:43,200.63,4875805
TSLA,3/5/2015,19:46:12,200.63,4875805
TSLA,3/5/2015,19:45:42,200.63,4875805
TSLA,3/5/2015,19:45:12,200.63,4875805
TSLA,3/5/2015,19:44:43,200.63,4875805
TSLA,3/5/2015,19:44:12,200.63,4875805
TSLA,3/5/2015,19:43:43,200.63,4875805
TSLA,3/5/2015,19:43:12,200.63,4875772
TSLA,3/5/2015,19:42:42,200.63,4875772
TSLA,3/5/2015,19:42:13,200.63,4875772
TSLA,3/5/2015,19:41:42,200.63,4875772
TSLA,3/5/2015,19:41:12,200.63,4875772
TSLA,3/5/2015,19:40:42,200.63,4875772
TSLA,3/5/2015,19:40:12,200.63,4875772
TSLA,3/5/2015,19:39:42,200.63,4875772
TSLA,3/5/2015,19:39:12,200.63,4875772
TSLA,3/5/2015,19:38:42,200.63,4875772
TSLA,3/5/2015,19:38:12,200.63,4875772
TSLA,3/5/2015,19:37:42,200.63,4875772
TSLA,3/5/2015,19:37:12,200.63,4875772
TSLA,3/5/2015,19:36:42,200.63,4875772
TSLA,3/5/2015,19:36:12,200.63,4875772
TSLA,3/5/2015,19:35:42,200.63,4875772
TSLA,3/5/2015,19:35:12,200.63,4875772
TSLA,3/5/2015,19:34:42,200.63,4875772
TSLA,3/5/2015,19:34:12,200.63,4875772
TSLA,3/5/2015,19:33:42,200.63,4875772
TSLA,3/5/2015,19:33:12,200.63,4875772
TSLA,3/5/2015,19:32:42,200.63,4875772
TSLA,3/5/2015,19:32:12,200.63,4875772
TSLA,3/5/2015,19:31:42,200.63,4875772
TSLA,3/5/2015,19:31:12,200.63,4875772
TSLA,3/5/2015,19:30:42,200.63,4875772
TSLA,3/5/2015,19:30:12,200.63,4875772
TSLA,3/5/2015,19:29:42,200.63,4875772
TSLA,3/5/2015,19:29:13,200.63,4875772
TSLA,3/5/2015,19:28:42,200.63,4875772
TSLA,3/5/2015,19:28:12,200.63,4875772
TSLA,3/5/2015,19:27:42,200.63,4875772
TSLA,3/5/2015,19:27:12,200.63,4875772
TSLA,3/5/2015,19:26:42,200.63,4875772
TSLA,3/5/2015,19:26:12,200.63,4875772
TSLA,3/5/2015,19:25:42,200.63,4875772
TSLA,3/5/2015,19:25:13,200.63,4875772
TSLA,3/5/2015,19:24:42,200.63,4875472
TSLA,3/5/2015,19:24:12,200.63,4875472
TSLA,3/5/2015,19:23:42,200.63,4875472
TSLA,3/5/2015,19:23:12,200.63,4875472
TSLA,3/5/2015,19:22:42,200.63,4875468
TSLA,3/5/2015,19:22:12,200.63,4875468
TSLA,3/5/2015,19:21:42,200.63,4875468
TSLA,3/5/2015,19:21:12,200.63,4875468
TSLA,3/5/2015,19:20:42,200.63,4875038
TSLA,3/5/2015,19:20:12,200.63,4875038
TSLA,3/5/2015,19:19:42,200.63,4875038
TSLA,3/5/2015,19:19:12,200.63,4875038
TSLA,3/5/2015,19:18:42,200.63,4875038
TSLA,3/5/2015,19:18:12,200.63,4875038
TSLA,3/5/2015,19:17:42,200.63,4875038
TSLA,3/5/2015,19:17:12,200.63,4875038
TSLA,3/5/2015,19:16:42,200.63,4875018
TSLA,3/5/2015,19:16:12,200.63,4875018
TSLA,3/5/2015,19:15:42,200.63,4875018
TSLA,3/5/2015,19:15:12,200.63,4875018
TSLA,3/5/2015,19:14:42,200.63,4875018
TSLA,3/5/2015,19:14:12,200.63,4875018
TSLA,3/5/2015,19:13:42,200.63,4875018
TSLA,3/5/2015,19:13:12,200.63,4875018
TSLA,3/5/2015,19:12:42,200.63,4875018
TSLA,3/5/2015,19:12:12,200.63,4875018
TSLA,3/5/2015,19:11:42,200.63,4875010
TSLA,3/5/2015,19:11:12,200.63,4875010
TSLA,3/5/2015,19:10:42,200.63,4875010
TSLA,3/5/2015,19:10:12,200.63,4875010
TSLA,3/5/2015,19:09:43,200.63,4874810
TSLA,3/5/2015,19:09:12,200.63,4874410
TSLA,3/5/2015,19:08:43,200.63,4874118
TSLA,3/5/2015,19:08:12,200.63,4874118
TSLA,3/5/2015,19:07:43,200.63,4874118
TSLA,3/5/2015,19:07:12,200.63,4874118
TSLA,3/5/2015,19:06:42,200.63,4874118
TSLA,3/5/2015,19:06:12,200.63,4874118
TSLA,3/5/2015,19:05:42,200.63,4874118
TSLA,3/5/2015,19:05:12,200.63,4874118
TSLA,3/5/2015,19:04:42,200.63,4874118
TSLA,3/5/2015,19:04:12,200.63,4874118
TSLA,3/5/2015,19:03:42,200.63,4874118
TSLA,3/5/2015,19:03:12,200.63,4874098
TSLA,3/5/2015,19:02:42,200.63,4874098
TSLA,3/5/2015,19:02:12,200.63,4874098
TSLA,3/5/2015,19:01:42,200.63,4874098
TSLA,3/5/2015,19:01:12,200.63,4874098
TSLA,3/5/2015,19:00:42,200.63,4874098
TSLA,3/5/2015,19:00:12,200.63,4874098
TSLA,3/5/2015,18:59:42,200.63,4874098
TSLA,3/5/2015,18:59:12,200.63,4874098
TSLA,3/5/2015,18:58:42,200.63,4874098
TSLA,3/5/2015,18:58:12,200.63,4874098
TSLA,3/5/2015,18:57:42,200.63,4874098
TSLA,3/5/2015,18:57:12,200.63,4874098
TSLA,3/5/2015,18:56:42,200.63,4874098
TSLA,3/5/2015,18:56:12,200.63,4874068
TSLA,3/5/2015,18:55:42,200.63,4874068
TSLA,3/5/2015,18:55:12,200.63,4874068
TSLA,3/5/2015,18:54:42,200.63,4874068
TSLA,3/5/2015,18:54:12,200.63,4874068
TSLA,3/5/2015,18:53:42,200.63,4874068
TSLA,3/5/2015,18:53:12,200.63,4873935
TSLA,3/5/2015,18:52:42,200.63,4873935
TSLA,3/5/2015,18:52:12,200.63,4873935
TSLA,3/5/2015,18:51:42,200.63,4873935
TSLA,3/5/2015,18:51:12,200.63,4873935
TSLA,3/5/2015,18:50:42,200.63,4873922
TSLA,3/5/2015,18:50:12,200.63,4873922
TSLA,3/5/2015,18:49:42,200.63,4873882
TSLA,3/5/2015,18:49:12,200.63,4873882
TSLA,3/5/2015,18:48:42,200.63,4873882
TSLA,3/5/2015,18:48:12,200.63,4873882
TSLA,3/5/2015,18:47:42,200.63,4873762
TSLA,3/5/2015,18:47:12,200.63,4873762
TSLA,3/5/2015,18:46:42,200.63,4873762
TSLA,3/5/2015,18:46:12,200.63,4872094
TSLA,3/5/2015,18:45:42,200.63,4872094
TSLA,3/5/2015,18:45:12,200.63,4872094
TSLA,3/5/2015,18:44:42,200.63,4872094
TSLA,3/5/2015,18:44:12,200.63,4871994
TSLA,3/5/2015,18:43:42,200.63,4871994
TSLA,3/5/2015,18:43:12,200.63,4871970
TSLA,3/5/2015,18:42:42,200.63,4871946
TSLA,3/5/2015,18:42:12,200.63,4871836
TSLA,3/5/2015,18:41:42,200.63,4871836
TSLA,3/5/2015,18:41:12,200.63,4871836
TSLA,3/5/2015,18:40:43,200.63,4871736
TSLA,3/5/2015,18:40:12,200.63,4871686
TSLA,3/5/2015,18:39:42,200.63,4871686
TSLA,3/5/2015,18:39:12,200.63,4871686
TSLA,3/5/2015,18:38:42,200.63,4871686
TSLA,3/5/2015,18:38:14,200.63,4871686
TSLA,3/5/2015,18:37:42,200.63,4871686
TSLA,3/5/2015,18:37:12,200.63,4871686
TSLA,3/5/2015,18:36:42,200.63,4871636
TSLA,3/5/2015,18:36:12,200.63,4871636
TSLA,3/5/2015,18:35:42,200.63,4871636
TSLA,3/5/2015,18:35:12,200.63,4871636
TSLA,3/5/2015,18:34:42,200.63,4871636
TSLA,3/5/2015,18:34:13,200.63,4871636
TSLA,3/5/2015,18:33:43,200.63,4871636
TSLA,3/5/2015,18:33:12,200.63,4871636
TSLA,3/5/2015,18:32:42,200.63,4871636
TSLA,3/5/2015,18:32:12,200.63,4871636
TSLA,3/5/2015,18:31:42,200.63,4871636
TSLA,3/5/2015,18:31:15,200.63,4871636
TSLA,3/5/2015,18:30:42,200.63,4871636
TSLA,3/5/2015,18:30:12,200.63,4871636
TSLA,3/5/2015,18:29:42,200.63,4871636
TSLA,3/5/2015,18:29:12,200.63,4871636
TSLA,3/5/2015,18:28:43,200.63,4871636
TSLA,3/5/2015,18:28:12,200.63,4871636
TSLA,3/5/2015,18:27:42,200.63,4871636
TSLA,3/5/2015,18:27:12,200.63,4870136
TSLA,3/5/2015,18:26:42,200.63,4870136
TSLA,3/5/2015,18:26:12,200.63,4870136
TSLA,3/5/2015,18:25:42,200.63,4870136
TSLA,3/5/2015,18:25:12,200.63,4870136
TSLA,3/5/2015,18:24:43,200.63,4870136
TSLA,3/5/2015,18:24:12,200.63,4870136
TSLA,3/5/2015,18:23:46,200.63,4870136
TSLA,3/5/2015,18:23:12,200.63,4870136
TSLA,3/5/2015,18:22:42,200.63,4870136
TSLA,3/5/2015,18:22:12,200.63,4870136
TSLA,3/5/2015,18:21:42,200.63,4870136
TSLA,3/5/2015,18:21:12,200.63,4870136
TSLA,3/5/2015,18:20:42,200.63,4870136
TSLA,3/5/2015,18:20:12,200.63,4870136
TSLA,3/5/2015,18:19:42,200.63,4870136
TSLA,3/5/2015,18:19:12,200.63,4870136
TSLA,3/5/2015,18:18:42,200.63,4870136
TSLA,3/5/2015,18:18:12,200.63,4870136
TSLA,3/5/2015,18:17:42,200.63,4870136
TSLA,3/5/2015,18:17:12,200.63,4870136
TSLA,3/5/2015,18:16:42,200.63,4870136
TSLA,3/5/2015,18:16:12,200.63,4870136
TSLA,3/5/2015,18:15:42,200.63,4870136
TSLA,3/5/2015,18:15:12,200.63,4870136
TSLA,3/5/2015,18:14:42,200.63,4870136
TSLA,3/5/2015,18:14:12,200.63,4870136
TSLA,3/5/2015,18:13:42,200.63,4870136
TSLA,3/5/2015,18:13:12,200.63,4870136
TSLA,3/5/2015,18:12:42,200.63,4870136
TSLA,3/5/2015,18:12:12,200.63,4870136
TSLA,3/5/2015,18:11:42,200.63,4870136
TSLA,3/5/2015,18:11:12,200.63,4870136
TSLA,3/5/2015,18:10:42,200.63,4870136
TSLA,3/5/2015,18:10:12,200.63,4870136
TSLA,3/5/2015,18:09:42,200.63,4870136
TSLA,3/5/2015,18:09:12,200.63,4870136
TSLA,3/5/2015,18:08:43,200.63,4870136
TSLA,3/5/2015,18:08:12,200.63,4870136
TSLA,3/5/2015,18:07:42,200.63,4870136
TSLA,3/5/2015,18:07:12,200.63,4870136
TSLA,3/5/2015,18:06:42,200.63,4870136
TSLA,3/5/2015,18:06:13,200.63,4870136
TSLA,3/5/2015,18:05:42,200.63,4870136
TSLA,3/5/2015,18:05:12,200.63,4870136
TSLA,3/5/2015,18:04:42,200.63,4870136
TSLA,3/5/2015,18:04:12,200.63,4870136
TSLA,3/5/2015,18:03:42,200.63,4870136
TSLA,3/5/2015,18:03:12,200.63,4870136
TSLA,3/5/2015,18:02:42,200.63,4870136
TSLA,3/5/2015,18:02:12,200.63,4870136
TSLA,3/5/2015,18:01:42,200.63,4870136
TSLA,3/5/2015,18:01:12,200.63,4870136
TSLA,3/5/2015,18:00:42,200.63,4870136
TSLA,3/5/2015,18:00:13,200.63,4870136
TSLA,3/5/2015,17:59:42,200.63,4870136
TSLA,3/5/2015,17:59:14,200.63,4870136
TSLA,3/5/2015,17:58:42,200.63,4870136
TSLA,3/5/2015,17:58:12,200.63,4870136
TSLA,3/5/2015,17:57:42,200.63,4870136
TSLA,3/5/2015,17:57:12,200.63,4870136
TSLA,3/5/2015,17:56:42,200.63,4870136
TSLA,3/5/2015,17:56:12,200.63,4870136
TSLA,3/5/2015,17:55:42,200.63,4870136
TSLA,3/5/2015,17:55:12,200.63,4870136
TSLA,3/5/2015,17:54:42,200.63,4870136
TSLA,3/5/2015,17:54:12,200.63,4870136
TSLA,3/5/2015,17:53:42,200.63,4870136
TSLA,3/5/2015,17:53:12,200.63,4870136
TSLA,3/5/2015,17:52:42,200.63,4870131
TSLA,3/5/2015,17:52:13,200.63,4870131
TSLA,3/5/2015,17:51:42,200.63,4870131
TSLA,3/5/2015,17:51:12,200.63,4870131
TSLA,3/5/2015,17:50:42,200.63,4870131
TSLA,3/5/2015,17:50:12,200.63,4870131
TSLA,3/5/2015,17:49:42,200.63,4870131
TSLA,3/5/2015,17:49:12,200.63,4870131
TSLA,3/5/2015,17:48:42,200.63,4870131
TSLA,3/5/2015,17:48:12,200.63,4870131
TSLA,3/5/2015,17:47:42,200.63,4870131
TSLA,3/5/2015,17:47:12,200.63,4870131
TSLA,3/5/2015,17:46:42,200.63,4870131
TSLA,3/5/2015,17:46:12,200.63,4870131
TSLA,3/5/2015,17:45:42,200.63,4870131
TSLA,3/5/2015,17:45:12,200.63,4870131
TSLA,3/5/2015,17:44:42,200.63,4870131
TSLA,3/5/2015,17:44:12,200.63,4870131
TSLA,3/5/2015,17:43:42,200.63,4870131
TSLA,3/5/2015,17:43:12,200.63,4870131
TSLA,3/5/2015,17:42:42,200.63,4870131
TSLA,3/5/2015,17:42:12,200.63,4870131
TSLA,3/5/2015,17:41:42,200.63,4870131
TSLA,3/5/2015,17:41:12,200.63,4870131
TSLA,3/5/2015,17:40:42,200.63,4870131
TSLA,3/5/2015,17:40:12,200.63,4870131
TSLA,3/5/2015,17:39:42,200.63,4870131
TSLA,3/5/2015,17:39:12,200.63,4870131
TSLA,3/5/2015,17:38:42,200.63,4870131
TSLA,3/5/2015,17:38:12,200.63,4870131
TSLA,3/5/2015,17:37:42,200.63,4870131
TSLA,3/5/2015,17:37:12,200.63,4870119
TSLA,3/5/2015,17:36:43,200.63,4870119
TSLA,3/5/2015,17:36:12,200.63,4870119
TSLA,3/5/2015,17:35:42,200.63,4870119
TSLA,3/5/2015,17:35:12,200.63,4870119
TSLA,3/5/2015,17:34:42,200.63,4870119
TSLA,3/5/2015,17:34:12,200.63,4870019
TSLA,3/5/2015,17:33:42,200.63,4870019
TSLA,3/5/2015,17:33:13,200.63,4870019
TSLA,3/5/2015,17:32:42,200.63,4869919
TSLA,3/5/2015,17:32:12,200.63,4869919
TSLA,3/5/2015,17:31:42,200.63,4869919
TSLA,3/5/2015,17:31:12,200.63,4869919
TSLA,3/5/2015,17:30:42,200.63,4869919
TSLA,3/5/2015,17:30:12,200.63,4869919
TSLA,3/5/2015,17:29:42,200.63,4869919
TSLA,3/5/2015,17:29:12,200.63,4869919
TSLA,3/5/2015,17:28:42,200.63,4869865
TSLA,3/5/2015,17:28:12,200.63,4869865
TSLA,3/5/2015,17:27:42,200.63,4869865
TSLA,3/5/2015,17:27:12,200.63,4869864
TSLA,3/5/2015,17:26:42,200.63,4869864
TSLA,3/5/2015,17:26:13,200.63,4869864
TSLA,3/5/2015,17:25:42,200.63,4869819
TSLA,3/5/2015,17:25:12,200.63,4869819
TSLA,3/5/2015,17:24:42,200.63,4869819
TSLA,3/5/2015,17:24:12,200.63,4869819
TSLA,3/5/2015,17:23:43,200.63,4869819
TSLA,3/5/2015,17:23:12,200.63,4869819
TSLA,3/5/2015,17:22:42,200.63,4869819
TSLA,3/5/2015,17:22:12,200.63,4869819
TSLA,3/5/2015,17:21:42,200.63,4869819
TSLA,3/5/2015,17:21:12,200.63,4869819
TSLA,3/5/2015,17:20:42,200.63,4869819
TSLA,3/5/2015,17:20:12,200.63,4869819
TSLA,3/5/2015,17:19:42,200.63,4869819
TSLA,3/5/2015,17:19:12,200.63,4869819
TSLA,3/5/2015,17:18:42,200.63,4869819
TSLA,3/5/2015,17:18:12,200.63,4869819
TSLA,3/5/2015,17:17:42,200.63,4869664
TSLA,3/5/2015,17:17:12,200.63,4869619
TSLA,3/5/2015,17:16:42,200.63,4869619
TSLA,3/5/2015,17:16:12,200.63,4869619
TSLA,3/5/2015,17:15:42,200.63,4869619
TSLA,3/5/2015,17:15:13,200.63,4869619
TSLA,3/5/2015,17:14:42,200.63,4869619
TSLA,3/5/2015,17:14:12,200.63,4869619
TSLA,3/5/2015,17:13:42,200.63,4869619
TSLA,3/5/2015,17:13:12,200.63,4869619
TSLA,3/5/2015,17:12:42,200.63,4869619
TSLA,3/5/2015,17:12:12,200.63,4869619
TSLA,3/5/2015,17:11:42,200.63,4869619
TSLA,3/5/2015,17:11:12,200.63,4869619
TSLA,3/5/2015,17:10:42,200.63,4869619
TSLA,3/5/2015,17:10:12,200.63,4869619
TSLA,3/5/2015,17:09:42,200.63,4869619
TSLA,3/5/2015,17:09:12,200.63,4869619
TSLA,3/5/2015,17:08:42,200.63,4869619
TSLA,3/5/2015,17:08:13,200.63,4869619
TSLA,3/5/2015,17:07:42,200.63,4869614
TSLA,3/5/2015,17:07:12,200.63,4869614
TSLA,3/5/2015,17:06:42,200.63,4869614
TSLA,3/5/2015,17:06:12,200.63,4869614
TSLA,3/5/2015,17:05:42,200.63,4869614
TSLA,3/5/2015,17:05:12,200.63,4869614
TSLA,3/5/2015,17:04:42,200.63,4869614
TSLA,3/5/2015,17:04:12,200.63,4869614
TSLA,3/5/2015,17:03:43,200.63,4869614
TSLA,3/5/2015,17:03:12,200.63,4869614
TSLA,3/5/2015,17:02:42,200.63,4869614
TSLA,3/5/2015,17:02:12,200.63,4869614
TSLA,3/5/2015,17:01:42,200.63,4869614
TSLA,3/5/2015,17:01:12,200.63,4869614
TSLA,3/5/2015,17:00:42,200.63,4869614
TSLA,3/5/2015,17:00:12,200.63,4869614
TSLA,3/5/2015,16:59:42,200.63,4869614
TSLA,3/5/2015,16:59:13,200.63,4869614
TSLA,3/5/2015,16:58:42,200.63,4869614
TSLA,3/5/2015,16:58:12,200.63,4869614
TSLA,3/5/2015,16:57:42,200.63,4869614
TSLA,3/5/2015,16:57:12,200.63,4869614
TSLA,3/5/2015,16:56:42,200.63,4869614
TSLA,3/5/2015,16:56:12,200.63,4869614
TSLA,3/5/2015,16:55:42,200.63,4869614
TSLA,3/5/2015,16:55:12,200.63,4869614
TSLA,3/5/2015,16:54:42,200.63,4869614
TSLA,3/5/2015,16:54:12,200.63,4869614
TSLA,3/5/2015,16:53:42,200.63,4869614
TSLA,3/5/2015,16:53:12,200.63,4869614
TSLA,3/5/2015,16:52:42,200.63,4869614
TSLA,3/5/2015,16:52:12,200.63,4869614
TSLA,3/5/2015,16:51:42,200.63,4869614
TSLA,3/5/2015,16:51:12,200.63,4869614
TSLA,3/5/2015,16:50:42,200.63,4869614
TSLA,3/5/2015,16:50:12,200.63,4869614
TSLA,3/5/2015,16:49:42,200.63,4869614
TSLA,3/5/2015,16:49:13,200.63,4869614
TSLA,3/5/2015,16:48:44,200.63,4869614
TSLA,3/5/2015,16:48:12,200.63,4869614
TSLA,3/5/2015,16:47:42,200.63,4869614
TSLA,3/5/2015,16:47:12,200.63,4869614
TSLA,3/5/2015,16:46:42,200.63,4869614
TSLA,3/5/2015,16:46:12,200.63,4869614
TSLA,3/5/2015,16:45:45,200.63,4869614
TSLA,3/5/2015,16:45:12,200.63,4869614
TSLA,3/5/2015,16:44:42,200.63,4867940
TSLA,3/5/2015,16:44:12,200.63,4867940
TSLA,3/5/2015,16:43:42,200.63,4867940
TSLA,3/5/2015,16:43:12,200.63,4867940
TSLA,3/5/2015,16:42:43,200.63,4867540
TSLA,3/5/2015,16:42:12,200.63,4867540
TSLA,3/5/2015,16:41:42,200.63,4858935
TSLA,3/5/2015,16:41:13,200.63,4858935
TSLA,3/5/2015,16:40:42,200.63,4858935
TSLA,3/5/2015,16:40:12,200.63,4858885
TSLA,3/5/2015,16:39:42,200.63,4858385
TSLA,3/5/2015,16:39:12,200.63,4858385
TSLA,3/5/2015,16:38:42,200.63,4858385
TSLA,3/5/2015,16:38:12,200.63,4858385
TSLA,3/5/2015,16:37:42,200.63,4858385
TSLA,3/5/2015,16:37:12,200.63,4858385
TSLA,3/5/2015,16:36:42,200.63,4857885
TSLA,3/5/2015,16:36:12,200.63,4857885
TSLA,3/5/2015,16:35:42,200.63,4857885
TSLA,3/5/2015,16:35:13,200.63,4857885
TSLA,3/5/2015,16:34:42,200.63,4857885
TSLA,3/5/2015,16:34:12,200.63,4856885
TSLA,3/5/2015,16:33:42,200.63,4856885
TSLA,3/5/2015,16:33:12,200.63,4856385
TSLA,3/5/2015,16:32:42,200.63,4856320
TSLA,3/5/2015,16:32:12,200.63,4855820
TSLA,3/5/2015,16:31:42,200.63,4855820
TSLA,3/5/2015,16:31:12,200.63,4855820
TSLA,3/5/2015,16:30:42,200.63,4855810
TSLA,3/5/2015,16:30:12,200.63,4855810
TSLA,3/5/2015,16:29:42,200.63,4855810
TSLA,3/5/2015,16:29:12,200.63,4855506
TSLA,3/5/2015,16:28:42,200.63,4855490
TSLA,3/5/2015,16:28:12,200.63,4855490
TSLA,3/5/2015,16:27:42,200.63,4855490
TSLA,3/5/2015,16:27:12,200.63,4855490
TSLA,3/5/2015,16:26:46,200.63,4855490
TSLA,3/5/2015,16:26:12,200.63,4855490
TSLA,3/5/2015,16:25:42,200.63,4853890
TSLA,3/5/2015,16:25:12,200.63,4853890
TSLA,3/5/2015,16:24:42,200.63,4853890
TSLA,3/5/2015,16:24:12,200.63,4853890
TSLA,3/5/2015,16:23:42,200.63,4853110
TSLA,3/5/2015,16:23:12,200.63,4853110
TSLA,3/5/2015,16:22:42,200.63,4851598
TSLA,3/5/2015,16:22:12,200.63,4851210
TSLA,3/5/2015,16:21:42,200.63,4851210
TSLA,3/5/2015,16:21:12,200.63,4851210
TSLA,3/5/2015,16:20:42,200.63,4851210
TSLA,3/5/2015,16:20:12,200.63,4851210
TSLA,3/5/2015,16:19:42,200.63,4851190
TSLA,3/5/2015,16:19:12,200.63,4851190
TSLA,3/5/2015,16:18:42,200.63,4851130
TSLA,3/5/2015,16:18:12,200.63,4851130
TSLA,3/5/2015,16:17:42,200.63,4851130
TSLA,3/5/2015,16:17:12,200.63,4851130
TSLA,3/5/2015,16:16:42,200.63,4851080
TSLA,3/5/2015,16:16:12,200.63,4851080
TSLA,3/5/2015,16:15:42,200.63,4850728
TSLA,3/5/2015,16:15:12,200.63,4850506
TSLA,3/5/2015,16:14:42,200.68,4802956
TSLA,3/5/2015,16:14:12,200.76,4788287
TSLA,3/5/2015,16:13:42,200.81,4778143
TSLA,3/5/2015,16:13:12,200.69,4757791
TSLA,3/5/2015,16:12:42,200.71,4741040
TSLA,3/5/2015,16:12:12,200.7,4728242
TSLA,3/5/2015,16:11:42,200.77,4716712
TSLA,3/5/2015,16:11:12,200.79,4707847
TSLA,3/5/2015,16:10:42,200.77,4698103
TSLA,3/5/2015,16:10:12,200.74,4689243
TSLA,3/5/2015,16:09:42,200.72,4678805
TSLA,3/5/2015,16:09:12,200.81,4675138
TSLA,3/5/2015,16:08:43,200.85,4668427
TSLA,3/5/2015,16:08:12,200.87,4663404
TSLA,3/5/2015,16:07:42,200.81,4659019
TSLA,3/5/2015,16:07:12,200.86,4653135
TSLA,3/5/2015,16:06:42,200.82,4651556
TSLA,3/5/2015,16:06:12,200.86,4646671
TSLA,3/5/2015,16:05:42,200.88,4642681
TSLA,3/5/2015,16:05:12,200.8,4638319
TSLA,3/5/2015,16:04:42,200.84,4629675
TSLA,3/5/2015,16:04:13,200.98,4626530
TSLA,3/5/2015,16:03:42,200.94,4625730
TSLA,3/5/2015,16:03:12,200.83,4621387
TSLA,3/5/2015,16:02:43,200.83,4620627
TSLA,3/5/2015,16:02:12,200.99,4618667
TSLA,3/5/2015,16:01:42,200.88,4615008
TSLA,3/5/2015,16:01:13,200.94,4608436
TSLA,3/5/2015,16:00:42,200.69,4602402
TSLA,3/5/2015,16:00:13,200.87,4595751
TSLA,3/5/2015,15:59:42,200.95,4592517
TSLA,3/5/2015,15:59:12,201,4587581
TSLA,3/5/2015,15:58:42,201.02,4585075
TSLA,3/5/2015,15:58:12,201.01,4582802
TSLA,3/5/2015,15:57:42,201.01,4582349
TSLA,3/5/2015,15:57:12,201.02,4581444
TSLA,3/5/2015,15:56:42,201.02,4581411
TSLA,3/5/2015,15:56:12,200.97,4571523
TSLA,3/5/2015,15:55:42,201.07,4569112
TSLA,3/5/2015,15:55:12,201.08,4552762
TSLA,3/5/2015,15:54:42,201.01,4549697
TSLA,3/5/2015,15:54:12,201,4549422
TSLA,3/5/2015,15:53:42,200.95,4547095
TSLA,3/5/2015,15:53:12,200.93,4545244
TSLA,3/5/2015,15:52:42,200.87,4543728
TSLA,3/5/2015,15:52:12,200.99,4539875
TSLA,3/5/2015,15:51:42,200.93,4537368
TSLA,3/5/2015,15:51:12,200.99,4533122
TSLA,3/5/2015,15:50:42,201.01,4527771
TSLA,3/5/2015,15:50:12,200.97,4526764
TSLA,3/5/2015,15:49:42,200.85,4513517
TSLA,3/5/2015,15:49:12,201.02,4510453
TSLA,3/5/2015,15:48:43,200.84,4503336
TSLA,3/5/2015,15:48:12,200.79,4502285
TSLA,3/5/2015,15:47:42,200.8,4500568
TSLA,3/5/2015,15:47:12,200.86,4498382
TSLA,3/5/2015,15:46:42,200.78,4494890
TSLA,3/5/2015,15:46:13,200.94,4493142
TSLA,3/5/2015,15:45:42,200.85,4489813
TSLA,3/5/2015,15:45:12,200.9,4486350
TSLA,3/5/2015,15:44:42,200.82,4484170
TSLA,3/5/2015,15:44:12,200.88,4480836
TSLA,3/5/2015,15:43:42,200.9,4480736
TSLA,3/5/2015,15:43:12,200.89,4477739
TSLA,3/5/2015,15:42:42,200.89,4477715
TSLA,3/5/2015,15:42:12,200.92,4477159
TSLA,3/5/2015,15:41:42,200.9,4471317
TSLA,3/5/2015,15:41:12,200.9,4471241
TSLA,3/5/2015,15:40:42,200.81,4468688
TSLA,3/5/2015,15:40:12,200.96,4467531
TSLA,3/5/2015,15:39:42,200.91,4460848
TSLA,3/5/2015,15:39:12,201,4450238
TSLA,3/5/2015,15:38:42,201.03,4441435
TSLA,3/5/2015,15:38:12,201.05,4427672
TSLA,3/5/2015,15:37:42,201.03,4427418
TSLA,3/5/2015,15:37:12,201.1,4426222
TSLA,3/5/2015,15:36:42,201.02,4424511
TSLA,3/5/2015,15:36:12,201.21,4411238
TSLA,3/5/2015,15:35:42,201.28,4410940
TSLA,3/5/2015,15:35:12,201.26,4409852
TSLA,3/5/2015,15:34:42,201.25,4408288
TSLA,3/5/2015,15:34:14,201.25,4407062
TSLA,3/5/2015,15:33:42,201.08,4403757
TSLA,3/5/2015,15:33:12,201.07,4399182
TSLA,3/5/2015,15:32:42,201.2,4397333
TSLA,3/5/2015,15:32:14,201.09,4395812
TSLA,3/5/2015,15:31:42,201.12,4394543
TSLA,3/5/2015,15:31:13,201.24,4391398
TSLA,3/5/2015,15:30:42,201.2,4385412
TSLA,3/5/2015,15:30:13,201.25,4383153
TSLA,3/5/2015,15:29:42,201.08,4374625
TSLA,3/5/2015,15:29:12,201.1,4368651
TSLA,3/5/2015,15:28:43,201.16,4356486
TSLA,3/5/2015,15:28:12,201.14,4346869
TSLA,3/5/2015,15:27:42,201.28,4343389
TSLA,3/5/2015,15:27:12,201.25,4341867
TSLA,3/5/2015,15:26:46,201.24,4337582
TSLA,3/5/2015,15:26:13,201.08,4327713
TSLA,3/5/2015,15:25:42,201.07,4322471
TSLA,3/5/2015,15:25:13,201.26,4314735
TSLA,3/5/2015,15:24:42,201.24,4312476
TSLA,3/5/2015,15:24:12,201.25,4310971
TSLA,3/5/2015,15:23:42,201.38,4308242
TSLA,3/5/2015,15:23:12,201.36,4306802
TSLA,3/5/2015,15:22:42,201.55,4302807
TSLA,3/5/2015,15:22:12,201.34,4301395
TSLA,3/5/2015,15:21:42,201.37,4291267
TSLA,3/5/2015,15:21:13,201.48,4288700
TSLA,3/5/2015,15:20:43,201.44,4286556
TSLA,3/5/2015,15:20:12,201.39,4281946
TSLA,3/5/2015,15:19:42,201.55,4271596
TSLA,3/5/2015,15:19:12,201.65,4269296
TSLA,3/5/2015,15:18:42,201.6,4268396
TSLA,3/5/2015,15:18:12,201.46,4265449
TSLA,3/5/2015,15:17:43,201.46,4262998
TSLA,3/5/2015,15:17:12,201.31,4253868
TSLA,3/5/2015,15:16:42,201.5,4251058
TSLA,3/5/2015,15:16:12,201.5,4250957
TSLA,3/5/2015,15:15:42,201.66,4247083
TSLA,3/5/2015,15:15:13,201.63,4244882
TSLA,3/5/2015,15:14:42,201.63,4244882
TSLA,3/5/2015,15:14:12,201.59,4242816
TSLA,3/5/2015,15:13:42,201.59,4238792
TSLA,3/5/2015,15:13:12,201.68,4235934
TSLA,3/5/2015,15:12:42,201.74,4232610
TSLA,3/5/2015,15:12:12,201.61,4230903
TSLA,3/5/2015,15:11:42,201.61,4221002
TSLA,3/5/2015,15:11:12,201.54,4217575
TSLA,3/5/2015,15:10:45,201.96,4195186
TSLA,3/5/2015,15:10:12,201.8,4191171
TSLA,3/5/2015,15:09:43,201.83,4182395
TSLA,3/5/2015,15:09:13,201.77,4176757
TSLA,3/5/2015,15:08:42,201.55,4166606
TSLA,3/5/2015,15:08:12,201.51,4164789
TSLA,3/5/2015,15:07:42,201.47,4164454
TSLA,3/5/2015,15:07:12,201.5,4155200
TSLA,3/5/2015,15:06:42,201.3,4151296
TSLA,3/5/2015,15:06:12,201.27,4150536
TSLA,3/5/2015,15:05:42,201.37,4140158
TSLA,3/5/2015,15:05:12,201.08,4138657
TSLA,3/5/2015,15:04:42,201.16,4138506
TSLA,3/5/2015,15:04:12,201.08,4137515
TSLA,3/5/2015,15:03:42,201,4137283
TSLA,3/5/2015,15:03:12,201.05,4136474
TSLA,3/5/2015,15:02:42,200.95,4135556
TSLA,3/5/2015,15:02:12,201,4133949
TSLA,3/5/2015,15:01:42,201.11,4127530
TSLA,3/5/2015,15:01:14,201.01,4125527
TSLA,3/5/2015,15:00:42,201.09,4122925
TSLA,3/5/2015,15:00:12,201.16,4113841
TSLA,3/5/2015,14:59:42,201.21,4111221
TSLA,3/5/2015,14:59:12,201.31,4108652
TSLA,3/5/2015,14:58:42,201.39,4105342
TSLA,3/5/2015,14:58:12,201.33,4101137
TSLA,3/5/2015,14:57:42,201.26,4100326
TSLA,3/5/2015,14:57:12,201.3,4100196
TSLA,3/5/2015,14:56:42,201.5,4096896
TSLA,3/5/2015,14:56:12,201.44,4087400
TSLA,3/5/2015,14:55:42,201.34,4084828
TSLA,3/5/2015,14:55:12,201.38,4084011
TSLA,3/5/2015,14:54:42,201.29,4082690
TSLA,3/5/2015,14:54:12,201.31,4080582
TSLA,3/5/2015,14:53:42,201.39,4074116
TSLA,3/5/2015,14:53:12,201.11,4068866
TSLA,3/5/2015,14:52:42,201.04,4065965
TSLA,3/5/2015,14:52:12,200.97,4062205
TSLA,3/5/2015,14:51:42,200.96,4058233
TSLA,3/5/2015,14:51:12,201.09,4056485
TSLA,3/5/2015,14:50:42,201.03,4051444
TSLA,3/5/2015,14:50:12,200.84,4049910
TSLA,3/5/2015,14:49:42,201.04,4046148
TSLA,3/5/2015,14:49:12,200.89,4040377
TSLA,3/5/2015,14:48:42,200.93,4020603
TSLA,3/5/2015,14:48:12,201.04,4018988
TSLA,3/5/2015,14:47:43,200.94,4017787
TSLA,3/5/2015,14:47:13,200.86,4016735
TSLA,3/5/2015,14:46:42,200.82,4014294
TSLA,3/5/2015,14:46:12,200.88,4010155
TSLA,3/5/2015,14:45:42,200.79,4007955
TSLA,3/5/2015,14:45:12,200.6,3995250
TSLA,3/5/2015,14:44:42,200.82,3973145
TSLA,3/5/2015,14:44:12,200.8,3960392
TSLA,3/5/2015,14:43:42,201.06,3949898
TSLA,3/5/2015,14:43:12,201.15,3944605
TSLA,3/5/2015,14:42:42,201.24,3941333
TSLA,3/5/2015,14:42:12,201.13,3938514
TSLA,3/5/2015,14:41:42,201.23,3937614
TSLA,3/5/2015,14:41:12,201.24,3936237
TSLA,3/5/2015,14:40:42,201.21,3935908
TSLA,3/5/2015,14:40:12,201.22,3934094
TSLA,3/5/2015,14:39:42,201.15,3929434
TSLA,3/5/2015,14:39:12,201.27,3926449
TSLA,3/5/2015,14:38:42,201.38,3918029
TSLA,3/5/2015,14:38:12,201.52,3916609
TSLA,3/5/2015,14:37:42,201.37,3913592
TSLA,3/5/2015,14:37:12,201.3,3910862
TSLA,3/5/2015,14:36:42,201.4,3904378
TSLA,3/5/2015,14:36:12,201.58,3903147
TSLA,3/5/2015,14:35:43,201.43,3893837
TSLA,3/5/2015,14:35:12,201.32,3892228
TSLA,3/5/2015,14:34:42,201.37,3888847
TSLA,3/5/2015,14:34:12,201.21,3885264
TSLA,3/5/2015,14:33:42,201.24,3882760
TSLA,3/5/2015,14:33:12,201.3,3872701
TSLA,3/5/2015,14:32:42,201.19,3867344
TSLA,3/5/2015,14:32:12,201.42,3863989
TSLA,3/5/2015,14:31:42,201.53,3862143
TSLA,3/5/2015,14:31:12,201.52,3859090
TSLA,3/5/2015,14:30:42,201.52,3850355
TSLA,3/5/2015,14:30:12,201.52,3844463
TSLA,3/5/2015,14:29:42,201.53,3840813
TSLA,3/5/2015,14:29:12,201.62,3836444
TSLA,3/5/2015,14:28:42,201.6,3831164
TSLA,3/5/2015,14:28:12,201.68,3824867
TSLA,3/5/2015,14:27:42,201.65,3821717
TSLA,3/5/2015,14:27:13,201.91,3817158
TSLA,3/5/2015,14:26:42,201.82,3814608
TSLA,3/5/2015,14:26:12,201.89,3812536
TSLA,3/5/2015,14:25:42,201.72,3808537
TSLA,3/5/2015,14:25:12,201.65,3807377
TSLA,3/5/2015,14:24:42,201.66,3803649
TSLA,3/5/2015,14:24:12,201.71,3795157
TSLA,3/5/2015,14:23:42,201.91,3784196
TSLA,3/5/2015,14:23:13,201.87,3784082
TSLA,3/5/2015,14:22:42,201.93,3782601
TSLA,3/5/2015,14:22:12,201.94,3782401
TSLA,3/5/2015,14:21:42,201.92,3781235
TSLA,3/5/2015,14:21:12,202.15,3769196
TSLA,3/5/2015,14:20:42,202.27,3756292
TSLA,3/5/2015,14:20:12,202.08,3749986
TSLA,3/5/2015,14:19:42,202.16,3734895
TSLA,3/5/2015,14:19:12,202.1,3729813
TSLA,3/5/2015,14:18:42,202.05,3718791
TSLA,3/5/2015,14:18:13,201.94,3714194
TSLA,3/5/2015,14:17:42,201.84,3710648
TSLA,3/5/2015,14:17:12,201.89,3707886
TSLA,3/5/2015,14:16:42,201.85,3704956
TSLA,3/5/2015,14:16:12,201.86,3701409
TSLA,3/5/2015,14:15:42,201.84,3696559
TSLA,3/5/2015,14:15:13,201.94,3691599
TSLA,3/5/2015,14:14:42,201.72,3674389
TSLA,3/5/2015,14:14:13,201.7,3673514
TSLA,3/5/2015,14:13:43,201.73,3666602
TSLA,3/5/2015,14:13:12,201.74,3665542
TSLA,3/5/2015,14:12:42,201.85,3664467
TSLA,3/5/2015,14:12:12,201.71,3662714
TSLA,3/5/2015,14:11:42,201.79,3653874
TSLA,3/5/2015,14:11:12,201.77,3653714
TSLA,3/5/2015,14:10:43,201.8,3651979
TSLA,3/5/2015,14:10:12,201.65,3647702
TSLA,3/5/2015,14:09:43,201.69,3644267
TSLA,3/5/2015,14:09:12,201.67,3641192
TSLA,3/5/2015,14:08:42,201.76,3637067
TSLA,3/5/2015,14:08:13,201.64,3627110
TSLA,3/5/2015,14:07:42,201.73,3625609
TSLA,3/5/2015,14:07:12,201.74,3623957
TSLA,3/5/2015,14:06:42,201.79,3623422
TSLA,3/5/2015,14:06:12,201.79,3623422
TSLA,3/5/2015,14:05:42,201.73,3618650
TSLA,3/5/2015,14:05:12,201.93,3613537
TSLA,3/5/2015,14:04:42,201.91,3608811
TSLA,3/5/2015,14:04:13,201.84,3607200
TSLA,3/5/2015,14:03:42,201.83,3598022
TSLA,3/5/2015,14:03:12,201.77,3597600
TSLA,3/5/2015,14:02:42,201.89,3592952
TSLA,3/5/2015,14:02:12,201.7,3579237
TSLA,3/5/2015,14:01:42,201.71,3578506
TSLA,3/5/2015,14:01:12,201.69,3577228
TSLA,3/5/2015,14:00:42,201.84,3575661
TSLA,3/5/2015,14:00:12,201.73,3569387
TSLA,3/5/2015,13:59:42,201.65,3568745
TSLA,3/5/2015,13:59:12,201.6,3560803
TSLA,3/5/2015,13:58:42,201.55,3554630
TSLA,3/5/2015,13:58:12,201.46,3547208
TSLA,3/5/2015,13:57:42,201.41,3541788
TSLA,3/5/2015,13:57:12,201.3,3537482
TSLA,3/5/2015,13:56:42,201.17,3534956
TSLA,3/5/2015,13:56:12,201.24,3527502
TSLA,3/5/2015,13:55:42,201.34,3522520
TSLA,3/5/2015,13:55:13,201.36,3516762
TSLA,3/5/2015,13:54:42,201.37,3510255
TSLA,3/5/2015,13:54:12,201.42,3502306
TSLA,3/5/2015,13:53:43,201.3,3501041
TSLA,3/5/2015,13:53:12,201.34,3499870
TSLA,3/5/2015,13:52:43,201.26,3495977
TSLA,3/5/2015,13:52:12,201.23,3491467
TSLA,3/5/2015,13:51:42,201.28,3487281
TSLA,3/5/2015,13:51:12,201.11,3482145
TSLA,3/5/2015,13:50:43,201.2,3468314
TSLA,3/5/2015,13:50:12,201.19,3459614
TSLA,3/5/2015,13:49:42,201.14,3454408
TSLA,3/5/2015,13:49:12,201.24,3452153
TSLA,3/5/2015,13:48:42,201.27,3440745
TSLA,3/5/2015,13:48:12,201.08,3425735
TSLA,3/5/2015,13:47:42,201.18,3423387
TSLA,3/5/2015,13:47:12,201.12,3421909
TSLA,3/5/2015,13:46:42,201.23,3419787
TSLA,3/5/2015,13:46:12,201.23,3416031
TSLA,3/5/2015,13:45:43,201.22,3414027
TSLA,3/5/2015,13:45:12,201.33,3402272
TSLA,3/5/2015,13:44:42,201.07,3394245
TSLA,3/5/2015,13:44:12,201.08,3392102
TSLA,3/5/2015,13:43:42,201.13,3391329
TSLA,3/5/2015,13:43:12,201.07,3386898
TSLA,3/5/2015,13:42:42,201.07,3386701
TSLA,3/5/2015,13:42:12,201.09,3385336
TSLA,3/5/2015,13:41:42,201.13,3384668
TSLA,3/5/2015,13:41:12,201.16,3384568
TSLA,3/5/2015,13:40:42,201.28,3380686
TSLA,3/5/2015,13:40:12,201.29,3379711
TSLA,3/5/2015,13:39:42,201.1,3374222
TSLA,3/5/2015,13:39:13,200.8,3369323
TSLA,3/5/2015,13:38:42,200.9,3369173
TSLA,3/5/2015,13:38:12,200.9,3367267
TSLA,3/5/2015,13:37:42,200.9,3365163
TSLA,3/5/2015,13:37:12,200.84,3362738
TSLA,3/5/2015,13:36:42,200.9,3361740
TSLA,3/5/2015,13:36:12,200.98,3361280
TSLA,3/5/2015,13:35:42,200.92,3357476
TSLA,3/5/2015,13:35:12,200.96,3356918
TSLA,3/5/2015,13:34:42,201,3355597
TSLA,3/5/2015,13:34:12,201.05,3353981
TSLA,3/5/2015,13:33:42,201.01,3352021
TSLA,3/5/2015,13:33:14,201.02,3347304
TSLA,3/5/2015,13:32:43,201.08,3342941
TSLA,3/5/2015,13:32:13,201.03,3339925
TSLA,3/5/2015,13:31:42,200.99,3336935
TSLA,3/5/2015,13:31:12,200.86,3334993
TSLA,3/5/2015,13:30:42,200.9,3332561
TSLA,3/5/2015,13:30:12,200.8,3329616
TSLA,3/5/2015,13:29:42,200.88,3324312
TSLA,3/5/2015,13:29:12,200.88,3322207
TSLA,3/5/2015,13:28:42,200.83,3319933
TSLA,3/5/2015,13:28:12,200.79,3318015
TSLA,3/5/2015,13:27:42,200.82,3314825
TSLA,3/5/2015,13:27:12,200.74,3312862
TSLA,3/5/2015,13:26:42,200.73,3312099
TSLA,3/5/2015,13:26:12,200.65,3310604
TSLA,3/5/2015,13:25:42,200.6,3309458
TSLA,3/5/2015,13:25:12,200.63,3308741
TSLA,3/5/2015,13:24:42,200.64,3307066
TSLA,3/5/2015,13:24:12,200.67,3306806
TSLA,3/5/2015,13:23:42,200.57,3305645
TSLA,3/5/2015,13:23:13,200.6,3305156
TSLA,3/5/2015,13:22:42,200.7,3304361
TSLA,3/5/2015,13:22:12,200.78,3300683
TSLA,3/5/2015,13:21:42,200.81,3299406
TSLA,3/5/2015,13:21:12,200.86,3297148
TSLA,3/5/2015,13:20:42,200.87,3296573
TSLA,3/5/2015,13:20:12,200.72,3295903
TSLA,3/5/2015,13:19:42,200.85,3292246
TSLA,3/5/2015,13:19:12,200.91,3291555
TSLA,3/5/2015,13:18:42,201.15,3285754
TSLA,3/5/2015,13:18:12,201,3282316
TSLA,3/5/2015,13:17:42,200.82,3277200
TSLA,3/5/2015,13:17:12,200.83,3273192
TSLA,3/5/2015,13:16:43,200.62,3265995
TSLA,3/5/2015,13:16:12,200.54,3262928
TSLA,3/5/2015,13:15:42,200.64,3262688
TSLA,3/5/2015,13:15:12,200.39,3257257
TSLA,3/5/2015,13:14:42,200.3,3256050
TSLA,3/5/2015,13:14:12,200.35,3255595
TSLA,3/5/2015,13:13:42,200.35,3254198
TSLA,3/5/2015,13:13:12,200.33,3251439
TSLA,3/5/2015,13:12:43,200.21,3243041
TSLA,3/5/2015,13:12:12,200.16,3242664
TSLA,3/5/2015,13:11:42,200.35,3236503
TSLA,3/5/2015,13:11:12,200.25,3230946
TSLA,3/5/2015,13:10:42,200.2,3220125
TSLA,3/5/2015,13:10:12,200.45,3215642
TSLA,3/5/2015,13:09:42,200.33,3215130
TSLA,3/5/2015,13:09:12,200.39,3213115
TSLA,3/5/2015,13:08:42,200.49,3210582
TSLA,3/5/2015,13:08:12,200.31,3206404
TSLA,3/5/2015,13:07:42,200.47,3203694
TSLA,3/5/2015,13:07:12,200.64,3202532
TSLA,3/5/2015,13:06:42,200.66,3198211
TSLA,3/5/2015,13:06:12,200.6,3190816
TSLA,3/5/2015,13:05:42,200.54,3177827
TSLA,3/5/2015,13:05:12,200.85,3171480
TSLA,3/5/2015,13:04:42,200.89,3169845
TSLA,3/5/2015,13:04:12,200.95,3167627
TSLA,3/5/2015,13:03:42,201.08,3164478
TSLA,3/5/2015,13:03:12,200.88,3157682
TSLA,3/5/2015,13:02:42,200.78,3155428
TSLA,3/5/2015,13:02:12,200.7,3154978
TSLA,3/5/2015,13:01:42,200.75,3154617
TSLA,3/5/2015,13:01:12,200.77,3152925
TSLA,3/5/2015,13:00:42,200.69,3146100
TSLA,3/5/2015,13:00:13,200.6,3139244
TSLA,3/5/2015,12:59:42,200.6,3139032
TSLA,3/5/2015,12:59:12,200.78,3134962
TSLA,3/5/2015,12:58:42,200.81,3118029
TSLA,3/5/2015,12:58:12,200.9,3115593
TSLA,3/5/2015,12:57:42,200.77,3102952
TSLA,3/5/2015,12:57:12,200.66,3097109
TSLA,3/5/2015,12:56:42,200.68,3085667
TSLA,3/5/2015,12:56:12,200.87,3072070
TSLA,3/5/2015,12:55:42,200.95,3068277
TSLA,3/5/2015,12:55:12,200.88,3064279
TSLA,3/5/2015,12:54:42,201.02,3039284
TSLA,3/5/2015,12:54:12,201.19,3036213
TSLA,3/5/2015,12:53:42,201.12,3033608
TSLA,3/5/2015,12:53:12,201.04,3025035
TSLA,3/5/2015,12:52:42,201.08,3024183
TSLA,3/5/2015,12:52:12,201.1,3017377
TSLA,3/5/2015,12:51:42,201.29,3012702
TSLA,3/5/2015,12:51:12,201.15,3011973
TSLA,3/5/2015,12:50:42,201.33,3009432
TSLA,3/5/2015,12:50:12,201.25,3008464
TSLA,3/5/2015,12:49:42,201.24,3008346
TSLA,3/5/2015,12:49:12,201.3,3006676
TSLA,3/5/2015,12:48:42,201.17,3002924
TSLA,3/5/2015,12:48:12,201.22,3001657
TSLA,3/5/2015,12:47:42,201.35,3000129
TSLA,3/5/2015,12:47:12,201.13,2985830
TSLA,3/5/2015,12:46:42,201.1,2980450
TSLA,3/5/2015,12:46:12,201.08,2955816
TSLA,3/5/2015,12:45:42,201.41,2936722
TSLA,3/5/2015,12:45:13,201.41,2934500
TSLA,3/5/2015,12:44:42,201.35,2929927
TSLA,3/5/2015,12:44:12,201.39,2928727
TSLA,3/5/2015,12:43:42,201.44,2926878
TSLA,3/5/2015,12:43:12,201.57,2926234
TSLA,3/5/2015,12:42:42,201.58,2924535
TSLA,3/5/2015,12:42:12,201.47,2918477
TSLA,3/5/2015,12:41:42,201.38,2914766
TSLA,3/5/2015,12:41:12,201.29,2911699
TSLA,3/5/2015,12:40:42,201.41,2908578
TSLA,3/5/2015,12:40:12,201.34,2897256
TSLA,3/5/2015,12:39:42,201.23,2896195
TSLA,3/5/2015,12:39:12,201.27,2873811
TSLA,3/5/2015,12:38:44,201.44,2871079
TSLA,3/5/2015,12:38:12,201.24,2850457
TSLA,3/5/2015,12:37:45,201.22,2837176
TSLA,3/5/2015,12:37:14,201.42,2825437
TSLA,3/5/2015,12:36:42,201.44,2821332
TSLA,3/5/2015,12:36:13,201.39,2808492
TSLA,3/5/2015,12:35:42,201.52,2799344
TSLA,3/5/2015,12:35:12,201.64,2778602
TSLA,3/5/2015,12:34:42,201.81,2760216
TSLA,3/5/2015,12:34:12,202.02,2756481
TSLA,3/5/2015,12:33:42,202,2755552
TSLA,3/5/2015,12:33:12,202.03,2749237
TSLA,3/5/2015,12:32:42,202.03,2749212
TSLA,3/5/2015,12:32:12,202.2,2747620
TSLA,3/5/2015,12:31:43,202.12,2747486
TSLA,3/5/2015,12:31:12,202.12,2744645
TSLA,3/5/2015,12:30:43,202.12,2744508
TSLA,3/5/2015,12:30:12,202.13,2740082
TSLA,3/5/2015,12:29:45,202.25,2738419
TSLA,3/5/2015,12:29:12,201.99,2701666
TSLA,3/5/2015,12:28:43,201.94,2700903
TSLA,3/5/2015,12:28:12,201.87,2690283
TSLA,3/5/2015,12:27:42,201.87,2687055
TSLA,3/5/2015,12:27:12,202.12,2661740
TSLA,3/5/2015,12:26:42,202.14,2656575
TSLA,3/5/2015,12:26:12,202.19,2651511
TSLA,3/5/2015,12:25:43,202.09,2641244
TSLA,3/5/2015,12:25:13,202.18,2633123
TSLA,3/5/2015,12:24:42,202.2,2627888
TSLA,3/5/2015,12:24:12,202.32,2612439
TSLA,3/5/2015,12:23:42,202.49,2610081
TSLA,3/5/2015,12:23:12,202.33,2595152
TSLA,3/5/2015,12:22:42,202.46,2594931
TSLA,3/5/2015,12:22:12,202.47,2593094
TSLA,3/5/2015,12:21:43,202.74,2566385
TSLA,3/5/2015,12:21:12,202.71,2559254
TSLA,3/5/2015,12:20:42,202.89,2558894
TSLA,3/5/2015,12:20:12,202.87,2558794
TSLA,3/5/2015,12:19:42,202.7,2558630
TSLA,3/5/2015,12:19:12,202.79,2556558
TSLA,3/5/2015,12:18:42,202.75,2555454
TSLA,3/5/2015,12:18:12,202.75,2553939
TSLA,3/5/2015,12:17:42,202.79,2550713
TSLA,3/5/2015,12:17:12,202.79,2550713
TSLA,3/5/2015,12:16:42,202.88,2546890
TSLA,3/5/2015,12:16:12,203,2546506
TSLA,3/5/2015,12:15:43,202.98,2546181
TSLA,3/5/2015,12:15:12,203.02,2545942
TSLA,3/5/2015,12:14:42,203,2543649
TSLA,3/5/2015,12:14:12,203,2543643
TSLA,3/5/2015,12:13:42,203.09,2541720
TSLA,3/5/2015,12:13:12,203.09,2540997
TSLA,3/5/2015,12:12:42,203.12,2539197
TSLA,3/5/2015,12:12:12,203.26,2536235
TSLA,3/5/2015,12:11:42,203.3,2522341
TSLA,3/5/2015,12:11:12,203.38,2520876
TSLA,3/5/2015,12:10:42,203.34,2520673
TSLA,3/5/2015,12:10:12,203.27,2517508
TSLA,3/5/2015,12:09:42,203.25,2516644
TSLA,3/5/2015,12:09:12,203.3,2513910
TSLA,3/5/2015,12:08:42,203.33,2510925
TSLA,3/5/2015,12:08:12,203.3,2509699
TSLA,3/5/2015,12:07:42,203.21,2508264
TSLA,3/5/2015,12:07:12,203.25,2507084
TSLA,3/5/2015,12:06:42,203.36,2496050
TSLA,3/5/2015,12:06:12,203.39,2495371
TSLA,3/5/2015,12:05:42,203.28,2492145
TSLA,3/5/2015,12:05:12,203.28,2483169
TSLA,3/5/2015,12:04:42,203.09,2479172
TSLA,3/5/2015,12:04:12,203.05,2476213
TSLA,3/5/2015,12:03:42,203.01,2475901
TSLA,3/5/2015,12:03:12,202.92,2470305
TSLA,3/5/2015,12:02:42,202.9,2470123
TSLA,3/5/2015,12:02:12,202.82,2467748
TSLA,3/5/2015,12:01:42,202.81,2465631
TSLA,3/5/2015,12:01:12,202.85,2464531
TSLA,3/5/2015,12:00:42,202.88,2463638
TSLA,3/5/2015,12:00:12,202.84,2462938
TSLA,3/5/2015,11:59:44,202.81,2461629
TSLA,3/5/2015,11:59:12,202.81,2460214
TSLA,3/5/2015,11:58:42,202.81,2454713
TSLA,3/5/2015,11:58:12,202.8,2451741
TSLA,3/5/2015,11:57:42,202.7,2450700
TSLA,3/5/2015,11:57:12,202.81,2450188
TSLA,3/5/2015,11:56:42,202.77,2449631
TSLA,3/5/2015,11:56:12,202.85,2447252
TSLA,3/5/2015,11:55:42,202.82,2446295
TSLA,3/5/2015,11:55:12,202.7,2443706
TSLA,3/5/2015,11:54:42,202.81,2437009
TSLA,3/5/2015,11:54:12,202.8,2432879
TSLA,3/5/2015,11:53:42,202.95,2431843
TSLA,3/5/2015,11:53:12,202.85,2429516
TSLA,3/5/2015,11:52:42,202.81,2429189
TSLA,3/5/2015,11:52:12,202.85,2428189
TSLA,3/5/2015,11:51:42,202.75,2427083
TSLA,3/5/2015,11:51:12,202.84,2424418
TSLA,3/5/2015,11:50:42,202.76,2422132
TSLA,3/5/2015,11:50:12,203,2419122
TSLA,3/5/2015,11:49:42,202.76,2415728
TSLA,3/5/2015,11:49:12,202.89,2394604
TSLA,3/5/2015,11:48:42,202.96,2390238
TSLA,3/5/2015,11:48:12,203.09,2383723
TSLA,3/5/2015,11:47:42,203.08,2380793
TSLA,3/5/2015,11:47:12,203.07,2375998
TSLA,3/5/2015,11:46:42,203.16,2374268
TSLA,3/5/2015,11:46:12,203.18,2368955
TSLA,3/5/2015,11:45:42,203.2,2360824
TSLA,3/5/2015,11:45:12,203.2,2359896
TSLA,3/5/2015,11:44:42,203.23,2356974
TSLA,3/5/2015,11:44:12,203.24,2356872
TSLA,3/5/2015,11:43:42,203.33,2355487
TSLA,3/5/2015,11:43:13,203.33,2355437
TSLA,3/5/2015,11:42:42,203.34,2353823
TSLA,3/5/2015,11:42:12,203.29,2343518
TSLA,3/5/2015,11:41:42,203.23,2341963
TSLA,3/5/2015,11:41:12,203.29,2341034
TSLA,3/5/2015,11:40:42,203.22,2339807
TSLA,3/5/2015,11:40:15,203.18,2339348
TSLA,3/5/2015,11:39:42,203.29,2338532
TSLA,3/5/2015,11:39:12,203.22,2337988
TSLA,3/5/2015,11:38:43,203.21,2336116
TSLA,3/5/2015,11:38:12,203.22,2335653
TSLA,3/5/2015,11:37:42,203.15,2334544
TSLA,3/5/2015,11:37:12,203.15,2333764
TSLA,3/5/2015,11:36:42,203.05,2332364
TSLA,3/5/2015,11:36:12,203.13,2330841
TSLA,3/5/2015,11:35:42,203.23,2329439
TSLA,3/5/2015,11:35:12,203.47,2325677
TSLA,3/5/2015,11:34:42,203.49,2318757
TSLA,3/5/2015,11:34:12,203.39,2317812
TSLA,3/5/2015,11:33:42,203.47,2314935
TSLA,3/5/2015,11:33:12,203.06,2307389
TSLA,3/5/2015,11:32:42,202.95,2306256
TSLA,3/5/2015,11:32:12,203.01,2305641
TSLA,3/5/2015,11:31:42,203.07,2299732
TSLA,3/5/2015,11:31:12,203.07,2298186
TSLA,3/5/2015,11:30:42,203.02,2296630
TSLA,3/5/2015,11:30:12,203.1,2292972
TSLA,3/5/2015,11:29:42,202.88,2290837
TSLA,3/5/2015,11:29:12,203,2290386
TSLA,3/5/2015,11:28:42,202.86,2289962
TSLA,3/5/2015,11:28:12,202.83,2289075
TSLA,3/5/2015,11:27:42,202.77,2285720
TSLA,3/5/2015,11:27:12,203.08,2280900
TSLA,3/5/2015,11:26:42,202.55,2273568
TSLA,3/5/2015,11:26:12,202.82,2264103
TSLA,3/5/2015,11:25:42,203,2257335
TSLA,3/5/2015,11:25:13,203.08,2254618
TSLA,3/5/2015,11:24:42,203.14,2254098
TSLA,3/5/2015,11:24:12,203.01,2252094
TSLA,3/5/2015,11:23:42,203.08,2250453
TSLA,3/5/2015,11:23:15,203.3,2240968
TSLA,3/5/2015,11:22:42,203.21,2236260
TSLA,3/5/2015,11:22:12,203.23,2233090
TSLA,3/5/2015,11:21:42,203.21,2231790
TSLA,3/5/2015,11:21:12,203.3,2228829
TSLA,3/5/2015,11:20:42,203.31,2224995
TSLA,3/5/2015,11:20:12,203.3,2222853
TSLA,3/5/2015,11:19:42,203.42,2221352
TSLA,3/5/2015,11:19:13,203.37,2219109
TSLA,3/5/2015,11:18:42,203.36,2217343
TSLA,3/5/2015,11:18:12,203.54,2214858
TSLA,3/5/2015,11:17:43,203.47,2213175
TSLA,3/5/2015,11:17:12,203.68,2212379
TSLA,3/5/2015,11:16:42,203.2,2209181
TSLA,3/5/2015,11:16:13,203.39,2207173
TSLA,3/5/2015,11:15:42,203.44,2205990
TSLA,3/5/2015,11:15:12,203.6,2197271
TSLA,3/5/2015,11:14:42,203.43,2188119
TSLA,3/5/2015,11:14:13,203.39,2187368
TSLA,3/5/2015,11:13:42,203.55,2184353
TSLA,3/5/2015,11:13:13,203.41,2182825
TSLA,3/5/2015,11:12:42,203.43,2178879
TSLA,3/5/2015,11:12:12,203.48,2178373
TSLA,3/5/2015,11:11:42,203.44,2177278
TSLA,3/5/2015,11:11:13,203.54,2173126
TSLA,3/5/2015,11:10:42,203.49,2170778
TSLA,3/5/2015,11:10:12,203.63,2169914
TSLA,3/5/2015,11:09:47,203.45,2165668
TSLA,3/5/2015,11:09:13,203.55,2156828
TSLA,3/5/2015,11:08:43,203.6,2155158
TSLA,3/5/2015,11:08:12,203.6,2155133
TSLA,3/5/2015,11:07:42,203.82,2152824
TSLA,3/5/2015,11:07:12,203.94,2145867
TSLA,3/5/2015,11:06:42,203.64,2135193
TSLA,3/5/2015,11:06:12,203.63,2133059
TSLA,3/5/2015,11:05:42,203.67,2122925
TSLA,3/5/2015,11:05:12,203.77,2114127
TSLA,3/5/2015,11:04:42,203.46,2086784
TSLA,3/5/2015,11:04:12,203.45,2084848
TSLA,3/5/2015,11:03:42,203.49,2080386
TSLA,3/5/2015,11:03:12,203.38,2077556
TSLA,3/5/2015,11:02:42,203.11,2072849
TSLA,3/5/2015,11:02:13,203.18,2071878
TSLA,3/5/2015,11:01:42,203.15,2068464
TSLA,3/5/2015,11:01:12,203.22,2065571
TSLA,3/5/2015,11:00:43,203.36,2064951
TSLA,3/5/2015,11:00:12,203.12,2058304
TSLA,3/5/2015,10:59:42,203.14,2057699
TSLA,3/5/2015,10:59:12,203.28,2056674
TSLA,3/5/2015,10:58:42,202.97,2050238
TSLA,3/5/2015,10:58:16,202.95,2048358
TSLA,3/5/2015,10:57:42,202.82,2047570
TSLA,3/5/2015,10:57:12,202.77,2047267
TSLA,3/5/2015,10:56:42,202.75,2038317
TSLA,3/5/2015,10:56:12,202.89,2028885
TSLA,3/5/2015,10:55:42,202.8,2019606
TSLA,3/5/2015,10:55:12,202.84,2018005
TSLA,3/5/2015,10:54:42,202.93,2013778
TSLA,3/5/2015,10:54:12,203.2,2005366
TSLA,3/5/2015,10:53:42,202.9,1997324
TSLA,3/5/2015,10:53:12,202.8,1986400
TSLA,3/5/2015,10:52:42,203.14,1973534
TSLA,3/5/2015,10:52:13,203.32,1965265
TSLA,3/5/2015,10:51:42,203.25,1964093
TSLA,3/5/2015,10:51:12,203.36,1949508
TSLA,3/5/2015,10:50:42,203.41,1948455
TSLA,3/5/2015,10:50:12,203.25,1946554
TSLA,3/5/2015,10:49:42,203.35,1943502
TSLA,3/5/2015,10:49:12,203.15,1942496
TSLA,3/5/2015,10:48:42,203.19,1941199
TSLA,3/5/2015,10:48:12,203.18,1940435
TSLA,3/5/2015,10:47:42,203.11,1922969
TSLA,3/5/2015,10:47:12,203.47,1914136
TSLA,3/5/2015,10:46:42,203.32,1912517
TSLA,3/5/2015,10:46:12,203.24,1910225
TSLA,3/5/2015,10:45:42,203.45,1903805
TSLA,3/5/2015,10:45:12,203.18,1886318
TSLA,3/5/2015,10:44:42,203.27,1885538
TSLA,3/5/2015,10:44:12,203,1874914
TSLA,3/5/2015,10:43:42,202.82,1855395
TSLA,3/5/2015,10:43:12,202.88,1845388
TSLA,3/5/2015,10:42:43,202.76,1843023
TSLA,3/5/2015,10:42:12,202.84,1842424
TSLA,3/5/2015,10:41:42,202.81,1838985
TSLA,3/5/2015,10:41:12,202.55,1832669
TSLA,3/5/2015,10:40:42,202.6,1815994
TSLA,3/5/2015,10:40:12,202.64,1791033
TSLA,3/5/2015,10:39:42,202.82,1779432
TSLA,3/5/2015,10:39:12,202.9,1775821
TSLA,3/5/2015,10:38:42,202.61,1754584
TSLA,3/5/2015,10:38:12,203.1,1732218
TSLA,3/5/2015,10:37:42,203.12,1723322
TSLA,3/5/2015,10:37:12,203.53,1698330
TSLA,3/5/2015,10:36:42,203.67,1692765
TSLA,3/5/2015,10:36:12,203.25,1674482
TSLA,3/5/2015,10:35:42,203.13,1656641
TSLA,3/5/2015,10:35:12,203.28,1647457
TSLA,3/5/2015,10:34:42,203.25,1641803
TSLA,3/5/2015,10:34:12,203.4,1599295
TSLA,3/5/2015,10:33:42,203.62,1595642
TSLA,3/5/2015,10:33:12,203.53,1569648
TSLA,3/5/2015,10:32:42,203.35,1559193
TSLA,3/5/2015,10:32:12,203.52,1532757
TSLA,3/5/2015,10:31:42,203.8,1489499
TSLA,3/5/2015,10:31:12,204.28,1470009
TSLA,3/5/2015,10:30:42,204.39,1467051
TSLA,3/5/2015,10:30:12,204.4,1454964
TSLA,3/5/2015,10:29:42,204.37,1450405
TSLA,3/5/2015,10:29:12,204.44,1434162
TSLA,3/5/2015,10:28:42,204.42,1433618
TSLA,3/5/2015,10:28:12,204.27,1431328
TSLA,3/5/2015,10:27:42,204.23,1419529
TSLA,3/5/2015,10:27:12,204.41,1418013
TSLA,3/5/2015,10:26:42,204.36,1416331
TSLA,3/5/2015,10:26:12,204.36,1405067
TSLA,3/5/2015,10:25:42,204.24,1392426
TSLA,3/5/2015,10:25:12,204.48,1386356
TSLA,3/5/2015,10:24:42,204.45,1377533
TSLA,3/5/2015,10:24:12,204.88,1358750
TSLA,3/5/2015,10:23:42,204.89,1346131
TSLA,3/5/2015,10:23:12,205.19,1332768
TSLA,3/5/2015,10:22:42,205.12,1324045
TSLA,3/5/2015,10:22:12,205.16,1315866
TSLA,3/5/2015,10:21:42,204.91,1273528
TSLA,3/5/2015,10:21:12,204.83,1259764
TSLA,3/5/2015,10:20:42,204.69,1247520
TSLA,3/5/2015,10:20:12,204.77,1238464
TSLA,3/5/2015,10:19:42,204.73,1237355
TSLA,3/5/2015,10:19:12,204.85,1230973
TSLA,3/5/2015,10:18:42,204.84,1228459
TSLA,3/5/2015,10:18:12,204.84,1218138
TSLA,3/5/2015,10:17:42,204.81,1203630
TSLA,3/5/2015,10:17:12,204.78,1197149
TSLA,3/5/2015,10:16:42,204.79,1190524
TSLA,3/5/2015,10:16:12,204.89,1186890
TSLA,3/5/2015,10:15:42,204.75,1179507
TSLA,3/5/2015,10:15:12,204.54,1163071
TSLA,3/5/2015,10:14:43,204.69,1150722
TSLA,3/5/2015,10:14:12,204.71,1140497
TSLA,3/5/2015,10:13:43,204.55,1135502
TSLA,3/5/2015,10:13:12,204.73,1111223
TSLA,3/5/2015,10:12:42,204.84,1108634
TSLA,3/5/2015,10:12:12,204.87,1106226
TSLA,3/5/2015,10:11:42,204.86,1094357
TSLA,3/5/2015,10:11:12,204.84,1085194
TSLA,3/5/2015,10:10:42,205.12,1078661
TSLA,3/5/2015,10:10:12,205.4,1053451
TSLA,3/5/2015,10:09:42,205.18,1034827
TSLA,3/5/2015,10:09:12,205.16,1030876
TSLA,3/5/2015,10:08:42,205.35,1016853
TSLA,3/5/2015,10:08:12,205.24,1011474
TSLA,3/5/2015,10:07:42,205.39,981478
TSLA,3/5/2015,10:07:12,205.72,950608
TSLA,3/5/2015,10:06:43,205.9,905004
TSLA,3/5/2015,10:06:13,205.6,871826
TSLA,3/5/2015,10:05:42,205.14,817925
TSLA,3/5/2015,10:05:12,204.94,767849
TSLA,3/5/2015,10:04:42,204.57,702427
TSLA,3/5/2015,10:04:13,204.57,690545
TSLA,3/5/2015,10:03:42,204.25,669381
TSLA,3/5/2015,10:03:12,204.31,642686
TSLA,3/5/2015,10:02:42,204,619675
TSLA,3/5/2015,10:02:12,203.9,608394
TSLA,3/5/2015,10:01:42,203.57,598547
TSLA,3/5/2015,10:01:12,203.64,588935
TSLA,3/5/2015,10:00:42,203.64,573576
TSLA,3/5/2015,10:00:13,203.59,557317
TSLA,3/5/2015,9:59:42,203.8,542443
TSLA,3/5/2015,9:59:12,204.1,515297
TSLA,3/5/2015,9:58:42,204.09,497324
TSLA,3/5/2015,9:58:12,203.68,473079
TSLA,3/5/2015,9:57:42,203.49,460774
TSLA,3/5/2015,9:57:12,203.63,445659
TSLA,3/5/2015,9:56:42,203.36,426722
TSLA,3/5/2015,9:56:12,203.12,412296
TSLA,3/5/2015,9:55:42,202.95,399162
TSLA,3/5/2015,9:55:12,202.87,367736
TSLA,3/5/2015,9:54:42,202.99,360243
TSLA,3/5/2015,9:54:12,202.86,352074
TSLA,3/5/2015,9:53:42,203.08,344042
TSLA,3/5/2015,9:53:13,202.99,335537
TSLA,3/5/2015,9:52:43,203.3,328620
TSLA,3/5/2015,9:52:12,203,295999
TSLA,3/5/2015,9:51:42,203.5,279444
TSLA,3/5/2015,9:51:12,202.76,234652
TSLA,3/5/2015,9:50:42,202.31,225071
TSLA,3/5/2015,9:50:12,202.2,201444
TSLA,3/5/2015,9:49:43,202.02,194707
TSLA,3/5/2015,9:49:12,202.5,188339
TSLA,3/5/2015,9:48:42,202.19,170027
TSLA,3/5/2015,9:48:12,202.55,159282
TSLA,3/5/2015,9:47:43,201.92,96790
TSLA,3/5/2015,9:47:12,201.95,80318
TSLA,3/5/2015,9:46:42,202.29,68032
TSLA,3/5/2015,9:46:12,202.51,61427
TSLA,3/5/2015,9:45:42,202.59,53827
TSLA,3/5/2015,9:45:12,202.7,39501
TSLA,3/5/2015,9:44:43,202.44,6455
TSLA,3/5/2015,9:44:12,202.44,6263
TSLA,3/5/2015,9:43:42,202.44,6263
TSLA,3/5/2015,9:43:12,202.44,5721
TSLA,3/5/2015,9:42:42,202.44,5721
TSLA,3/5/2015,9:42:12,202.44,5678
TSLA,3/5/2015,9:41:42,202.44,5678
TSLA,3/5/2015,9:41:12,202.44,5478
TSLA,3/5/2015,9:40:42,202.44,5478
TSLA,3/5/2015,9:40:12,202.44,4698
TSLA,3/5/2015,9:39:42,202.44,4698
TSLA,3/5/2015,9:39:12,202.44,4698
TSLA,3/5/2015,9:38:43,202.44,4698
TSLA,3/5/2015,9:38:12,202.44,4698
TSLA,3/5/2015,9:37:42,202.44,4385
TSLA,3/5/2015,9:37:12,202.44,4385
TSLA,3/5/2015,9:36:42,202.44,4365
TSLA,3/5/2015,9:36:12,202.44,4365
TSLA,3/5/2015,9:35:42,202.44,4365
TSLA,3/5/2015,9:35:12,202.44,4365
TSLA,3/5/2015,9:34:42,202.44,4365
TSLA,3/5/2015,9:34:12,202.44,4365
TSLA,3/5/2015,9:33:42,202.44,4363
TSLA,3/5/2015,9:33:12,202.44,4363
TSLA,3/5/2015,9:32:42,202.44,4363
TSLA,3/5/2015,9:32:12,202.44,4363
TSLA,3/5/2015,9:31:42,202.44,4338
TSLA,3/5/2015,9:31:12,202.44,2428
TSLA,3/5/2015,9:30:42,202.44,2408
TSLA,3/5/2015,9:30:12,202.44,2408
TSLA,3/5/2015,9:29:42,202.44,2298
TSLA,3/5/2015,9:29:12,202.44,2298
TSLA,3/5/2015,9:28:42,202.44,2298
TSLA,3/5/2015,9:28:12,202.44,1663
TSLA,3/5/2015,9:27:42,202.44,938
TSLA,3/5/2015,9:27:13,202.44,938
TSLA,3/5/2015,9:26:42,202.44,938
TSLA,3/5/2015,9:26:12,202.44,938
TSLA,3/5/2015,9:25:42,202.44,583
TSLA,3/5/2015,9:25:12,202.44,583
TSLA,3/5/2015,9:24:42,202.44,583
TSLA,3/5/2015,9:24:12,202.44,583
TSLA,3/5/2015,9:23:43,202.44,583
TSLA,3/5/2015,9:23:12,202.44,529
TSLA,3/5/2015,9:22:42,202.44,529
TSLA,3/5/2015,9:22:14,202.44,529
TSLA,3/5/2015,9:21:42,202.44,529
TSLA,3/5/2015,9:21:12,202.44,529
TSLA,3/5/2015,9:20:42,202.44,499
TSLA,3/5/2015,9:20:12,202.44,499
TSLA,3/5/2015,9:19:42,202.44,449
TSLA,3/5/2015,9:19:12,202.44,449
TSLA,3/5/2015,9:18:42,202.44,449
TSLA,3/5/2015,9:18:12,202.44,449
TSLA,3/5/2015,9:17:43,202.44,449
TSLA,3/5/2015,9:17:12,202.44,420
TSLA,3/5/2015,9:16:42,202.44,420
TSLA,3/5/2015,9:16:12,202.44,420
TSLA,3/5/2015,9:15:42,202.44,420
TSLA,3/5/2015,9:15:12,202.44,420
TSLA,3/5/2015,9:14:42,202.44,420
TSLA,3/5/2015,9:14:12,202.44,420
TSLA,3/5/2015,9:13:42,202.44,400
TSLA,3/5/2015,9:13:12,202.44,400
TSLA,3/5/2015,9:12:42,202.44,400
TSLA,3/5/2015,9:12:12,202.44,125
TSLA,3/5/2015,9:11:42,202.44,125
TSLA,3/5/2015,9:11:12,202.44,125
TSLA,3/5/2015,9:10:42,202.44,125
TSLA,3/5/2015,9:10:12,202.44,25
TSLA,3/5/2015,9:09:42,202.44,25
TSLA,3/5/2015,9:09:12,202.44,0
TSLA,3/5/2015,9:08:42,202.44,0
TSLA,3/5/2015,9:08:12,202.44,0
TSLA,3/5/2015,9:07:42,202.44,0
TSLA,3/5/2015,9:07:12,202.44,0
TSLA,3/5/2015,9:06:42,202.44,0
TSLA,3/5/2015,9:06:12,202.44,0
TSLA,3/5/2015,9:05:42,202.44,0
TSLA,3/5/2015,9:05:12,202.44,0
TSLA,3/5/2015,9:04:42,202.44,0
TSLA,3/5/2015,9:04:12,202.44,0
TSLA,3/5/2015,9:03:42,202.44,0
TSLA,3/5/2015,9:03:12,202.44,0
TSLA,3/5/2015,9:02:42,202.44,0
TSLA,3/5/2015,9:02:14,202.44,0
TSLA,3/5/2015,9:01:42,202.44,0
TSLA,3/5/2015,9:01:12,202.44,0
TSLA,3/5/2015,9:00:42,202.44,4237059
TSLA,3/5/2015,9:00:12,202.44,4237059
TSLA,3/5/2015,8:59:42,202.44,4237059
TSLA,3/5/2015,8:59:12,202.44,4237059
TSLA,3/5/2015,8:58:42,202.44,4237034
TSLA,3/5/2015,8:58:12,202.44,4229334
TSLA,3/5/2015,8:57:42,202.44,4229334
TSLA,3/5/2015,8:57:12,202.44,4229334
TSLA,3/5/2015,8:56:42,202.44,4229334
TSLA,3/5/2015,8:56:12,202.44,4229334
TSLA,3/5/2015,8:55:43,202.44,4229334
TSLA,3/5/2015,8:55:12,202.44,4229334
TSLA,3/5/2015,8:54:42,202.44,4229334
TSLA,3/5/2015,8:54:12,202.44,4229334
TSLA,3/5/2015,8:53:42,202.44,4228914
TSLA,3/5/2015,8:53:12,202.44,4228914
TSLA,3/5/2015,8:52:42,202.44,4228914
